3288 5186
766 621 842 682 87-

220 805 329 868 videar
353 808 493 893 partium
518 825 661 886 mearum
686 807 793 870 studio
816 807 849 868 in
874 807 1078 870 temerarium
1104 805 1255 889 abreptus
1277 825 1347 871 esse

218 920 435 1003 iniquumque
469 919 508 983 de
546 921 665 983 eximio
701 921 771 982 viro
805 920 974 1000 iudicium,
1008 939 1065 1002 pro
1097 938 1148 982 me
1179 919 1346 1002 loquentes

219 1032 372 1096 inducere
406 1031 485 1097 libet
515 1034 602 1096 viros
635 1033 685 1095 dd.
711 1031 864 1116 Spalding
878 1032 901 1110 l)
928 1033 977 1114 (ad
1004 1031 1113 1107 Quint.
1137 1031 1194 1112 IV,
1221 1034 1249 1112 l,
1273 1033 1344 1111 68):

223 1145 479 1226 „Quintilianum
512 1166 619 1210 meum
645 1167 709 1221 non
734 1147 813 1209 adeo
839 1166 990 1228 magnum
1016 1147 1162 1208 criticum
1190 1151 1343 1229 expertus

220 1260 298 1322 mihi
328 1259 470 1340 videor,‘’
503 1265 534 1323 et
565 1259 795 1322 Hoffmannum
828 1259 893 1339 (ll.
925 1281 953 1342 p.
991 1260 1058 1339 lm:
1095 1257 1346 1338 „Quintilianus

219 1374 311 1436 cuius
353 1373 509 1436 iudicium
554 1374 587 1435 in
623 1372 679 1436 tali
715 1374 983 1456 quaestione...
1020 1391 1084 1434 non
1121 1372 1199 1434 adeo
1236 1373 1344 1453 magni

218 1485 397 1550 habendum
423 1505 493 1550 esse
516 1485 688 1550 concedo.-’'

261 1696 311 1760 Ita
341 1703 378 1760 ut
408 1697 469 1761 soli
494 1701 591 1760 testes
621 1696 815 1780 quibuscum
840 1697 933 1761 uobis
957 1699 998 1761 sit
1023 1718 1082 1778 ree,
1105 1703 1227 1761 restent
1251 1696 1343 1760 Vale-

218 1811 285 1872 rius
307 1808 481 1892 Maximus,
504 1811 667 1873 Asconius
687 1809 857 1891 Pedianus,
877 1816 908 1874 et
920 1810 1123 1874 Plutarchus.
1137 1809 1222 1885 Quid
1235 1816 1342 1873 autem

220 1922 350 1986 exhibet
380 1922 699 1986 Plutarchus?
723 1923 798 1986 Vita
822 1922 886 1986 Cic.
912 1943 937 1986 c.
962 1927 1003 1986 33
1028 1945 1056 2008 p.
1082 1925 1208 1987 etan:
1234 1923 1344 2003 Κκτῄεν

219 2033 250 2097 δὲ
280 2032 401 2113 Κικέρων
425 2033 617 2114 ἑκκαιδεκάτῃ
643 2033 713 2110 μηνὶ
736 2034 817 2110 μετὰ
841 2034 894 2106 τὴν
918 2037 1030 2113 <buyda
1055 2035 1104 2099 aori
1126 2033 1255 2108 τεσκύτκ
1281 2034 1339 2104 τὰς

217 2148 314 2219 πόλεις
347 2149 431 2227 zongoi
466 2146 518 2212 κκὶ
553 2147 664 2220 σπονδὴ
701 2149 766 2218 τοὺς
802 2147 964 2228 ἀνθρώπους
996 2148 1057 2226 περὶ
1088 2148 1140 2220 τὴν
1175 2147 1342 2221 ἀπάντησιν

217 2256 307 2340 εἶχεν,
344 2260 418 2326 ὥστε
451 2263 495 2326 τὸ
537 2262 658 2342 ῥηθὲν
694 2263 770 2326 ὑπὸ
804 2262 1044 2340 Κικέρωνος
1079 2259 1259 2341 ὕστερον
1295 2263 1340 2324 ε’ν-

217 2373 358 2454 aelerna
385 2369 456 2438 εἶναι
479 2381 532 2447 τῆς
557 2374 705 2447 ἀληθείαις.
730 2370 817 2453 ”an
842 2374 900 2454 γὰρ
924 2375 1013 2438 ababa
1036 2373 1085 2437 ἐπὶ
1107 2379 1162 2437 τῶν
1182 2373 1268 2450 ὤμων
1289 2372 1341 2445 τὴν

218 2487 353 2553 ’Italico
377 2486 520 2568 φὲρννσκν
545 2489 584 2559 εἰς
607 2487 660 2560 τὴν
685 2488 800 2565 Ῥώμην
824 2488 996 2565 εἰσενεγκεῖν
1013 2490 1042 2569 ⁹).

215 2714 267 2750 uon
291 2700 327 2749 ita
347 2699 462 2748 multum
479 2713 534 2749 esse
552 2699 721 2749 tribuendum
740 2699 850 2749 libenter
867 2699 983 2764 concedo,
1001 2713 1085 2762 quum
1103 2699 1138 2749 ibi
1156 2699 1284 2748 notissimi
1303 2701 1342 2748 af-

214 2791 331 2840 ferantur
356 2789 487 2840 Ciceronis
513 2790 631 2841 versiculi
658 2791 704 2854 qui
722 2805 807 2854 quum
824 2790 946 2840 omnibus
963 2791 1016 2839 fere
1032 2789 1109 2852 primi
1127 2789 1199 2839 sacci.
1218 2790 1280 2839 viris
1298 2790 1339 2840 dd.

214 2887 299 2932 essent
324 2881 351 2930 in
376 2865 427 2944 ore,
455 2881 559 2931 aliunde
582 2895 686 2947 quoque
711 2895 726 2929 a
752 2880 949 2944 Calagurritano
973 2886 1061 2930 nostro
1078 2881 1179 2929 desumi
1199 2881 1340 2944 potuerint.

214 2971 266 3022 Gur
282 2977 371 3022 autem
388 2972 505 3035 primum
523 2971 621 3030 Quinti.
639 2973 724 3022 locum
743 2972 846 3022 uncinis
864 2971 1152 3035 incluserit-quadratis
1167 2988 1190 3021 v.
1208 2971 1233 3021 d.
1253 2972 1297 3022 Bo
1308 2987 1340 3020 n-

215 3064 299 3129 nell,
318 3078 360 3113 me
376 3078 483 3127 prorsus
498 3063 572 3128 fugit.
590 3064 691 3113 -Ioci
709 3078 785 3113 causa
805 3063 958 3114 Gesneri
977 3079 1001 3126 p.
1019 3061 1068 3112 2²29
1087 3063 1129 3113 hic
1147 3063 1268 3112 exhibere
1278 3063 1339 3112 libet

212 3156 404 3206 coniecturam:
433 3154 497 3221 „Sed
524 3169 577 3204 non
603 3155 717 3218 paenitet
742 3169 844 3216 eorum,
871 3170 938 3218 quae
965 3156 997 3204 ad
1023 3155 1132 3204 Fabium
1151 3160 1212 3204 ante
1228 3154 1275 3204 hos
1293 3153 1338 3203 XV

213 3261 295 3296 annos
319 3247 457 3311 disputavi,
474 3247 553 3296 luisse
576 3260 670 3308 nempe
688 3247 750 3296 olim
768 3247 882 3311 aliquam
902 3246 1018 3296 Sallustii
1035 3247 1178 3296 orationem
1197 3247 1224 3295 in
1241 3247 1341 3296 Cicero-

213 3353 275 3388 nem
300 3353 368 3403 quae
391 3353 452 3388 cum
469 3338 608 3402 interisset,
625 3353 656 3388 ex
674 3338 745 3388 illius
762 3340 831 3403 apud
852 3339 960 3388 Fabium
978 3340 1130 3404 fragmentis
1149 3345 1239 3388 natam
1255 3339 1339 3389 decla-

213 3431 305 3480 matori
332 3431 467 3481 exercendi
493 3430 590 3495 ingenii
609 3429 793 3480 occasionem.”
811 3431 1004 3494 -Madvig,
1021 3432 1052 3480 de
1070 3431 1126 3481 Asc.
1144 3431 1243 3482 Comm.
1262 3446 1287 3494 p.
1306 3428 1338 3479 76

213 3522 305 3572 conicit
323 3522 408 3587 (nullo
429 3522 497 3572 iusto
514 3520 598 3571 fretus
615 3525 778 3586 argumento)
796 3522 1006 3589 „Quintilianum
1023 3523 1051 3571 in
1070 3522 1218 3572 Ciceronem
1228 3523 1337 3586 diligen-

212 3613 303 3663 tiorem
321 3612 426 3664 tuisse.'’
444 3613 501 3663 Non
520 3619 609 3663 autem
627 3614 675 3664 hoc
692 3618 730 3663 est
747 3614 903 3678 diligentiae,
921 3615 965 3663 sed
982 3614 1087 3677 ingenii.
1104 3641 1137 3650 -
1156 3613 1338 3663 Marklan-

213 3704 278 3754 dus
303 3719 328 3768 p.
344 3701 394 3753 eat
411 3705 512 3769 conicit,
530 3704 641 3762 Quinam.
659 3704 687 3753 in
706 3719 821 3754 errorem
839 3719 895 3755 esse
912 3705 1049 3754 inductum
1068 3705 1171 3755 Asconii
1188 3705 1337 3754 testimonio

213 3796 322 3861 (dequo
340 3796 392 3845 vid.
412 3796 491 3859 inira)
508 3823 540 3831 -
558 3810 643 3859 quum
661 3796 813 3859 praesertim
834 3797 886 3846 veri
904 3811 956 3846 non
974 3797 1008 3846 sit
1024 3796 1149 3862 absimile,
1167 3795 1270 3846 Asconii
1288 3811 1336 3846 au-

211 3888 320 3938 ditorem
340 3887 420 3937 luisse
437 3887 548 3946 Quintm.
567 3887 610 3948 (of,
631 3888 650 3937 1.
670 3885 699 3937 0.
718 3889 729 3937 l
747 3886 770 3950 7,
788 3886 839 3953 ut).

242 3978 270 4042 1)
289 3978 327 4030 Ne
346 3979 489 4029 Marklandi
508 3979 559 4043 (ap.
578 3979 705 4030 Wolfium
725 3995 748 4042 p.
767 3979 883 4043 LXXIV)
900 3995 1043 4044 eorumque
1060 3979 1336 4044 quimecumomnino

211 4071 314 4136 iaciant,
331 4071 435 4121 iniciam
454 4071 622 4122 mentionem.
632 4099 664 4107 —
674 4070 802 4120 Monitum
819 4077 908 4120 autem
927 4071 1004 4120 velim
1022 4072 1153 4134 lectorem,
1169 4085 1210 4120 me
1220 4085 1273 4120 non
1283 4085 1338 4120 esse

209 4177 277 4226 eum,
295 4163 340 4227 qui
357 4163 389 4212 de
406 4162 560 4222 Quintiliani
575 4163 745 4212 eruditissimi
755 4163 866 4213 rhetoris
875 4177 954 4227 quern
966 4155 1056 4212 mull'is
1066 4162 1216 4212 nominibus
1227 4162 1335 4212 maximi

209 4255 325 4320 iacimus,
342 4255 442 4304 meritis
458 4255 603 4319 quidquam
623 4254 766 4304 detraham.

240 4344 267 4411 2)
283 4345 378 4396 Eadem
395 4346 448 4396 fere
464 4346 588 4412 leguntur
603 4346 671 4409 apud
686 4344 801 4396 Macro
811 4346 826 4395 b
836 4346 844 4394 i
855 4362 871 4394 u
884 4361 925 4411 m,
944 4345 996 4396 Sat.
1007 4343 1062 4411 113,
1072 4344 1087 4394 5
1098 4361 1103 4394 ι
1114 4346 1220 4414 „Ulcisci
1231 4351 1320 4396 autem
