3274 5192
751 644 768 703 7

194 831 422 894 venustissimo
446 832 663 914 conscriptum
687 830 771 912 stilo,
795 831 997 914 aptissimum
1022 821 1092 894 esse
1113 830 1319 894 adlectorum

193 945 318 1008 animos
342 949 373 1008 et
396 945 628 1028 permovendos
653 950 684 1008 et
708 944 928 1023 delectandos3
956 964 1056 1028 quum
1079 951 1319 1028 praetereanon

194 1060 331 1142 exiguae
365 1059 454 1123 laudi
490 1060 638 1143 scriptori
676 1059 769 1123 debet
803 1078 883 1140 esse,
919 1060 1004 1143 quod
1040 1061 1164 1143 primus
1201 1058 1320 1142 quide

194 1177 303 1236 nostra
338 1176 438 1257 egerit
474 1174 671 1257 quaestione,
705 1178 751 1237 tot
775 1174 940 1256 collegerit
963 1179 1160 1257 argumenta,
1184 1178 1230 1254 ut,
1251 1175 1321 1256 ipse

193 1286 268 1350 licet
301 1286 482 1350 verecunde
513 1294 739 1370 conqueratur,
762 1288 860 1350 nimis
885 1287 985 1350 multa
1009 1307 1027 1350 a
1051 1305 1085 1350 se
1109 1305 1179 1351 esse
1203 1289 1321 1351 omissa

193 1407 290 1484 atque
313 1400 457 1484 neglecta
471 1397 503 1481 ¹),
527 1420 639 1465 revera
663 1419 790 1465 omnem
812 1400 878 1465 fere
891 1402 1078 1465 exhauserit
1091 1402 1321 1484 materiam,ita

195 1521 232 1578 ut
266 1515 500 1579 recentioribus
534 1515 704 1599 philologis
740 1517 797 1599 qui
832 1515 916 1579 idem
954 1516 1120 1597 sentirent,
1143 1515 1221 1577 nihil
1248 1515 1321 1578 reli-

197 1631 301 1711 querit
337 1629 400 1694 nisi
424 1630 618 1712 paucissima
642 1630 807 1713 quaedam,
832 1649 869 1693 ea
891 1635 996 1693 autem
1023 1630 1134 1713 exigui
1159 1632 1319 1694 momenti.

196 1741 306 1818 Quid?
329 1743 446 1807 Nonne
470 1744 626 1825 videmus,
651 1763 687 1807 ea
711 1763 794 1827 quae
818 1749 850 1808 et
874 1744 1013 1808 Bechius
1037 1750 1067 1809 et
1086 1741 1322 1810 Schuetziuset

195 1856 350 1941 Pompius
385 1877 446 1920 ran
485 1857 721 1921 Meerdervoort
756 1857 796 1921 de
826 1877 885 1922 suo
917 1858 1036 1921 addant
1058 1859 1099 1922 iis
1122 1859 1321 1941 argumentis

197 1990 280 2054 quae
314 1973 377 2034 iam
413 1971 600 2054 protulisset
636 1970 905 2055 cantabrigensis
937 1972 1085 2055 perparvi
1109 1990 1179 2036 esse
1203 1973 1320 2055 pretii?

195 2088 302 2170 ipsum
338 2086 478 2169 denique
512 2085 677 2168 Wolfium,
709 2085 896 2149 inveniendi
920 2085 1163 2169 innovandique
1187 2086 1320 2150 ductum

195 2218 312 2281 amore,
348 2200 435 2263 haud
469 2219 541 2263 raro
575 2199 677 2264 fuisse
712 2205 867 2282 coactum,
892 2204 928 2263 ut
951 2200 1072 2263 nodum
1097 2207 1264 2282 quaereret
1286 2203 1321 2264 in

197 2315 302 2398 scirpo
315 2311 364 2394 qq

242 2427 359 2491 Paucis
382 2428 476 2491 annis
501 2433 572 2511 post
595 2428 693 2508 (1753
717 2433 749 2491 et
774 2428 870 2510 1754)
896 2448 987 2492 suam
1009 2430 1200 2492 sententiam
1214 2427 1320 2492 Mark-

198 2542 284 2605 landi
309 2544 458 2625 opposuit
482 2544 626 2625 opinioni
650 2542 674 2605 Ι.
699 2541 741 2605 M.
767 2541 899 2624 Gesner,
921 2541 1027 2605 Latini
1041 2545 1198 2606 sermonis
1210 2543 1323 2618 existi-¹

198 2661 300 2719 mator
334 2657 385 2720 vel
417 2657 630 2732 doctissimus,
663 2657 720 2740 qui
744 2655 869 2720 duabus
893 2655 1161 2739 praelectionibus
1185 2656 1219 2717 in
1243 2655 1322 2719 Uni·

196 2771 346 2834 versitate
371 2768 593 2853 Goettingensi
616 2769 676 2832 Ais.
703 2771 788 2833 1753
813 2776 932 2852 etseq.
956 2769 1083 2851 habitis,
1096 2771 1204 2833 omnia
1217 2769 1322 2832 Mark-

196 2883 284 2946 landi
308 2885 444 2947 crimina
466 2884 655 2968 propulsare
674 2890 771 2967 atque
791 2884 863 2947 illas
876 2885 1036 2947 orationes
1049 2903 1163 2947 rursus
1177 2881 1321 2947 Ciceroni

201 2997 363 3061 vindicare
386 3004 521 3062 conatus
544 3004 592 3062 est
605 2997 638 3075 8).
662 2996 763 3062 Cuius
787 2997 914 3062 libellus
938 3018 1002 3061 non
1016 2999 1322 3081 solumargumento

200 3118 305 3192 tenus,
347 3111 402 3175 sed
437 3112 506 3194 ipso
542 3112 615 3175 stilo
649 3113 783 3194 ipsaque
818 3112 978 3194 cogitandi
1012 3111 1323 3194 argumentandique

200 3228 323 3290 ratione
357 3234 423 3291 toto
458 3227 545 3290 coelo
580 3227 675 3290 distat
710 3247 729 3290 a
760 3225 939 3289 Marklandi
960 3226 1190 3290 dissertatione.
1214 3223 1322 3300 Quum

201 3342 286 3404 enim
323 3340 540 3422 Marklandus,
563 3360 690 3404 summa
721 3344 865 3403 omnium
891 3341 1008 3403 virium
1035 3359 1114 3403 usus
1137 3340 1325 3420 intentione,

200 3455 335 3518 similior
368 3463 417 3519 est
439 3455 592 3519 acerrime
616 3454 820 3518 contendenti
844 3459 939 3537 atque
963 3454 1110 3537 litiganti,
1132 3455 1165 3516 in
1189 3451 1324 3517 Gesneri

201 3589 336 3654 persona
359 3568 452 3633 nobis
474 3568 511 3632 fit
534 3567 661 3631 obviam
686 3587 786 3632 senex
809 3568 955 3650 placidus
978 3573 1075 3651 atque
1094 3585 1237 3648 serenus,
1259 3567 1325 3649 qui,

202 3695 370 3768 postquam
406 3683 589 3766 provocavit
624 3682 664 3744 ad
697 3680 944 3745 familiaritatem
980 3701 1076 3764 quam
1113 3701 1186 3744 cum
1220 3680 1324 3744 Tullio

236 3931 262 3996 i)
282 3949 305 3996 p.
332 3931 382 3982 358
409 3932 480 3998 „uad
506 3932 518 3981 l
546 3932 610 3981 been
639 3935 736 3980 master
762 3931 789 3980 of
815 3945 886 3980 more
903 3931 975 3996 time,
995 3931 1005 3978 l
1026 3930 1110 3979 would
1130 3929 1194 3979 have
1214 3929 1326 3994 brought

204 4025 320 4088 together
337 4039 351 4073 a
368 4025 451 4088 larger
468 4024 581 4073 number
598 4023 625 4072 oi
641 4023 773 4072 instances
790 4024 817 4072 os
832 4022 877 4072 the
894 4036 966 4071 same
983 4020 1053 4070 so1·t”
1072 4036 1094 4070 e.
1105 4036 1130 4084 q.
1140 4035 1160 4070 S.

236 4117 263 4182 2)
281 4117 358 4166 Aliud
377 4117 521 4167 Marklandi
539 4117 662 4165 meritum
680 4117 749 4165 inira
766 4116 883 4165 indicabo
900 4114 959 4178 Cap.
979 4114 1002 4163 ll
1020 4129 1043 4177 p.
1062 4112 1101 4162 27.

236 4207 261 4271 3)
279 4208 351 4267 Quae
368 4209 492 4273 leguntur
509 4209 536 4257 in
555 4207 755 4257 Commentariis
771 4205 905 4256 Societatis
921 4205 1014 4269 Regiae
1023 4204 1197 4254 scientiarum
1207 4204 1326 4254 Goettin·

203 4301 275 4366 gensi
301 4299 328 4351 T.
354 4300 390 4350 ΙΙΙ
417 4315 440 4364 p.
466 4297 606 4349 223-284.
630 4298 748 4348 Titulum
766 4299 798 4348 iis
815 4298 947 4360 inscripsit
965 4297 1096 4347 Gesnerus
1114 4296 1327 4362 „Ciceronis

204 4391 420 4442 Restituit&
