3288 5186
679 1753 843 1828 CAPUT
869 1752 1124 1843 QUARTUM.

380 2392 418 2455 In
443 2390 643 2475 praecedenti
667 2391 769 2474 eapite
792 2396 961 2473 postquam
986 2390 1247 2454 enumeravimus
1270 2395 1459 2473 argumenta

338 2524 419 2588 quae
455 2504 607 2567 dicuntur
635 2505 846 2583 interna,
878 2502 997 2586 quibus
1020 2485 1123 2567 fretus
1147 2502 1232 2566 haud
1255 2504 1362 2586 inepte
1386 2522 1459 2566 oon-

336 2618 445 2682 tendat
470 2619 542 2700 quis
567 2637 678 2700 parum
703 2616 765 2680 sibi
788 2616 890 2681 videri
915 2618 981 2681 veri
1005 2617 1117 2698 simile,
1141 2635 1194 2680 eas
1214 2617 1384 2698 orationes,
1404 2615 1458 2679 ubi

336 2736 424 2795 tanta
459 2735 606 2794 occurrat
643 2731 794 2794 vitiorum
829 2722 1097 2813 peccatorumque
1125 2729 1261 2812 farrago,
1297 2727 1458 2793 Ciceronis

337 2844 443 2909 deberi
478 2844 551 2909 stilo
586 2844 776 2927 plerumque
811 2844 1057 2928 elegantissimo,
1089 2863 1154 2907 una
1185 2843 1340 2927 quaedam
1365 2841 1457 2905 nobis

335 2962 433 3023 restat
467 2959 611 3042 quaestio
645 2975 751 3039 neque
786 2975 823 3020 ea
847 2957 957 3040 exigui
980 2957 1150 3020 momenti:
1177 2955 1216 3021 de
1239 2954 1457 3020 externis

335 3073 420 3137 enim
446 3091 528 3156 quae
547 3072 691 3153 audiunt,
716 3072 902 3135 etiamnunc
925 3072 985 3135 erit
1006 3070 1235 3154 disputandum
1249 3069 1456 3154 argumentis,

335 3205 417 3269 quae
441 3185 556 3269 origini
578 3185 742 3249 Tullianae
764 3184 871 3248 favere
894 3183 1071 3248 videantur.

377 3298 503 3364 Etenim
529 3302 561 3363 et

380 3412 420 3474 1⁰.
450 3413 518 3494 ipse
553 3410 661 3476 Oioero
692 3412 725 3473 in
750 3409 903 3494 Epistolis
928 3411 996 3474 suis
1019 3414 1163 3492 testatur,
1188 3409 1315 3494 publice
1338 3408 1455 3471 orando

333 3544 367 3589 se
402 3529 554 3588 tractasse
584 3524 693 3588 eadem
726 3528 916 3606 argumenta
940 3524 971 3584 in
999 3522 1118 3606 quibus
1141 3529 1269 3586 nostrae
1294 3526 1455 3586 verseuter

333 3640 502 3719 orationes,
535 3638 655 3720 gratias
689 3654 723 3700 se
758 3637 861 3719 egisse
896 3637 1022 3700 senatui
1046 3634 1077 3716 ¹),
1112 3635 1229 3718 populo
1253 3634 1399 3700 Romano
1420 3635 1456 3717 ⁹),

337 3853 483 3862 —-.-—-

366 3993 393 4059 1)
412 3993 451 4043 Ad
469 3993 523 4042 An.
541 3991 575 4042 IV
593 3991 619 4055 1,
635 3990 665 4042 5:
683 3990 825 4058 „Postridie
841 3990 869 4041 in
887 3997 987 4056 senatu,
1006 3991 1052 4058 qui
1070 3991 1121 4041 init
1129 3991 1183 4041 dies
1193 3989 1347 4054 Non.Sept,‚
1356 3989 1454 4042 senatui

333 4085 429 4151 gratias
455 4081 585 4148 egimus?
610 4083 642 4133 ct.
668 4097 714 4146 pro
733 4082 819 4132 Plane.
837 4081 869 4131 74
888 4081 932 4132 ubi
950 4086 976 4132 et
994 4081 1044 4131 alia
1060 4086 1150 4131 extant
1168 4081 1263 4131 hande
1280 4096 1318 4144 re,
1335 4087 1361 4131 et
1380 4082 1452 4131 haee:

333 4175 439 4242 „oratiq
464 4189 532 4239 quae
557 4179 662 4238 propter
687 4174 724 4223 rei
751 4173 959 4239 magnitudinem
982 4172 1051 4222 dicta
1068 4172 1099 4222 de
1114 4172 1210 4236 scripto
1225 4171 1288 4222 est.”
1305 4173 1336 4224 cf.
1354 4182 1454 4237 qnoque

334 4267 554 4330 Middleton,
573 4265 631 4315 Life
645 4265 672 4315 oi
689 4265 776 4316 Cicero
795 4266 851 4330 (Ed.
870 4263 948 4330 1801)
969 4265 992 4316 11
1012 4264 1091 4330 1sqq.

367 4356 394 4422 2)
412 4356 450 4408 Cf.
467 4356 499 4405 ad
516 4356 570 4406 an.
588 4355 630 4420 IV,
647 4355 672 4420 1,
689 4353 714 4420 6,
733 4356 820 4420 ibique
838 4356 886 4407 vir.
902 4357 939 4407 ill.
956 4357 1053 4407 Boot.
1070 4383 1102 4392 -
1121 4355 1159 4406 ct.
1177 4355 1271 4408 Wolf
1286 4370 1311 4420 p.
1328 4353 1359 4405 81
1370 4369 1407 4419 sq.
1434 4375 1437 4382 ·
