3288 5186
853 591 895 652 88

355 777 550 843 Plutarchus
573 779 681 862 igitur,
705 778 821 841 unicus
845 777 998 841 orationis
1021 780 1092 860 post
1112 777 1250 840 reditum
1271 779 1305 840 in
1319 782 1431 841 senatu

282 891 444 982 „testis”
478 893 530 955 cui
566 891 664 955 ullam
700 890 840 955 tribuere
871 891 1032 973 possimus
1057 892 1287 972 auctoritatem,
1312 890 1432 954 dictum

311 1005 470 1089 quoddam
501 993 597 1068 Tullii
627 1005 736 1068 laudat
761 1003 974 1086 memorabile,
997 1004 1087 1068 nullo
1111 1004 1218 1068 addito
1241 1004 1338 1086 tonte,
1362 1006 1432 1068 nul-

308 1120 405 1202 laque
428 1119 546 1182 iniecta
570 1121 731 1183 mentione
754 1119 794 1182 de
817 1119 886 1182 loco
910 1118 996 1182 unde
1016 1116 1432 1202 haecOiceronisdesump·

310 1233 386 1297 serit
409 1232 514 1296 verba.
538 1231 581 1296 Ut
603 1240 709 1296 autem
734 1232 835 1296 dicam
861 1231 947 1315 quod
971 1233 1085 1313 sentio,
1103 1231 1189 1295 haud
1209 1231 1288 1294 mihi
1301 1232 1430 1314 quidem

309 1347 437 1410 videtur
460 1345 605 1410 absimile
628 1347 706 1428 veri,
730 1350 760 1409 et
784 1345 992 1409 Plutarchum
1017 1349 1048 1408 et
1067 1345 1251 1428 scriptorem
1272 1346 1432 1428 (quisquis

309 1460 364 1524 ille
388 1461 440 1540 sit)
464 1466 592 1524 nostrae
617 1461 778 1539 orationis
802 1465 834 1523 et
853 1458 991 1542 profecto
1004 1457 1203 1522 Macrobium
1217 1476 1258 1520 ex
1270 1461 1430 1521 communi

310 1573 448 1657 quodam
478 1573 623 1637 hausisse
646 1572 743 1655 tonte,
766 1592 807 1636 ex
831 1573 1006 1655 nescioquo
1031 1571 1187 1635 dictorum
1211 1570 1432 1655 factorumque

309 1685 564 1749 memorabilium
592 1704 724 1769 corpore
746 1685 840 1748 nobis
861 1685 1034 1768 deperdito,
1053 1684 1161 1767 qualia
1184 1686 1218 1747 in
1242 1686 1431 1769 antiquitate

308 1798 454 1863 extitisse
489 1799 619 1863 aliunde
653 1800 796 1862 innotuit
811 1795 850 1878 ¹),
881 1799 1067 1882 praesertim
1101 1819 1201 1881 quum
1232 1799 1316 1862 inter
1347 1801 1446 1890 viros,

308 1913 358 1976 dd.
391 1917 515 1977 constet
541 1912 669 1976 nullum
693 1912 903 1976 Plutarchum
928 1912 1030 1975 solere
1052 1913 1215 1995 aspernari
1237 1911 1370 1992 fontani,
1393 1933 1431 1977 ne

307 2027 507 2091 levissimum
544 2027 682 2110 quidem,
713 2027 887 2090 dummodo
917 2024 1070 2090 flosculos
1093 2027 1168 2090 inde
1192 2027 1357 2110 decerptos
1380 2026 1431 2089 ad·

309 2141 383 2205 dere
406 2142 508 2224 possit
531 2140 768 2204 narrationibus
792 2141 861 2205 suis
875 2141 916 2224 ’);
939 2178 981 2186 —
1002 2141 1125 2206 accedit
1144 2141 1231 2224 quod
1244 2143 1289 2204 sic
1302 2141 1432 2205 demum

313 2416 341 2451 se
358 2400 445 2451 Cicero
462 2400 604 2465 videbatur,
622 2406 653 2450 ut
670 2400 831 2464 respondisse
847 2400 895 2450 sibi
913 2399 1048 2450 Vatinium
1066 2399 1230 2462 meminerat,
1246 2414 1307 2450 cum
1317 2400 1433 2450 humeris

314 2508 342 2544 se
358 2494 411 2544 rei
429 2493 606 2556 publicae
623 2493 655 2542 de
672 2493 748 2543 exilio
765 2497 926 2557 reportatum
944 2491 1105 2557 gloriaretur,
1124 2491 1209 2558 ,unde
1226 2505 1287 2556 ergo
1303 2491 1352 2540 tihi
1367 2491 1433 2541 vari-

314 2583 414 2637 ces?''”
432 2585 471 2649 (in
489 2591 593 2634 nostrae
610 2585 732 2634 orationis
749 2584 762 2647 ἓ
780 2581 814 2632 39
830 2584 926 2648 legitur
937 2581 1153 2650 „ltaliacuncta''‚
1164 2597 1216 2631 non
1227 2596 1283 2648 ,res
1293 2581 1432 2646 puhlica'’).

345 2673 373 2737 1)
401 2674 543 2725 Valerii
580 2674 725 2725 Maximi
753 2673 905 2738 praesertim
932 2679 1018 2738 specto
1045 2674 1192 2740 „dictorum
1219 2678 1267 2724 etc.
1294 2675 1432 2724 memorab.

313 2767 392 2816 libros
409 2765 468 2831 lX”,
485 2781 646 2833 quamquam
664 2767 810 2816 multorum
827 2767 954 2816 eiusmodi
970 2766 1096 2816 librorum
1105 2767 1132 2815 in
1142 2767 1298 2830 antiquitate
1306 2767 1434 2817 editorum

314 2858 346 2907 ad
364 2872 411 2909 nos
428 2859 547 2922 pervenit
564 2859 666 2909 notitia.
1264 2856 1268 2862 '

347 2947 374 3012 1)
394 2948 431 2998 Pl
442 2966 457 2998 u
467 2954 478 2998 t
487 2964 502 2998 a
511 2965 524 2998 r
533 2964 546 2999 c
555 2950 573 2999 h
583 2937 600 2999 n
610 2965 637 2999 m
655 2951 762 3000 omnino
771 2965 823 3000 nou
833 2965 888 3002 esse
896 2951 1046 3014 scriptorem
1055 2951 1210 3001 historicum
1219 2951 1321 3015 proprie
1330 2951 1437 3014 dictum,

314 3040 361 3104 qui
386 3040 578 3091 accuratissime
596 3041 708 3091 fontium
725 3056 834 3091 suorum
853 3047 942 3106 penset
958 3043 1142 3106 examinetque
1158 3042 1340 3092 auctoritatem
1358 3048 1435 3106 atque

315 3129 401 3194 fidem,
427 3131 471 3181 sed
497 3132 621 3181 moralem
646 3133 829 3182 tantummodo
854 3133 1045 3197 philosophum,
1070 3133 1153 3183 elucet
1176 3137 1203 3183 et
1219 3148 1251 3183 ex
1269 3133 1339 3182 hisce
1353 3133 1436 3196 ¹ipsius

315 3223 391 3274 locis:
419 3221 469 3273 Sol.
495 3221 527 3271 17
553 3223 620 3286 init,
645 3223 711 3274 Cim.
737 3223 761 3287 2,
778 3225 848 3274 Alex.
867 3224 891 3287 1,
909 3223 1000 3274 Timol.
1017 3223 1042 3287 1,
1060 3224 1115 3274 Nic.
1133 3223 1157 3288 1,
1175 3221 1278 3274 Alex.1
1298 3229 1324 3274 et
1341 3239 1372 3274 ex
1390 3224 1437 3273 hoc

315 3315 389 3376 iacto,
405 3314 474 3379 quod
491 3314 616 3364 Herodoto
633 3315 833 3382 Thucydideque
851 3330 983 3380 nusquam
1002 3316 1056 3366 lere
1074 3316 1158 3365 utitur
1175 3315 1435 3381 auctoribus,saepis-

316 3407 382 3457 sime
409 3412 497 3457 contra
523 3408 691 3472 scriptoribus
716 3410 805 3473 quales
831 3413 894 3458 sunt
910 3407 1032 3460 ¹Phanias
1050 3407 1156 3457 Lesbius
1174 3406 1293 3472 (Mueller
1311 3406 1338 3456 F.
1356 3407 1388 3456 H.
1406 3406 1436 3456 G.

317 3497 340 3547 11
374 3496 445 3563 293),
476 3497 662 3548 Stesimbrotus
694 3499 804 3549 Thasius
830 3499 951 3565 (Mueller
978 3499 1000 3548 11
1026 3497 1081 3564 51),
1107 3499 1185 3548 Duris
1211 3497 1315 3547 Samius
1343 3497 1436 3559 (Muel-

316 3590 353 3638 ler
378 3589 402 3638 11
429 3587 479 3638 466
503 3590 533 3638 cl.
561 3587 674 3653 Schtiler,
701 3589 792 3639 Abriss
809 3590 853 3640 der
872 3589 1070 3649 Quellenkunde
1086 3590 1131 3639 der
1147 3589 1190 3639 Gr.
1208 3605 1235 3639 u.
1252 3589 1328 3638 Rom.
1346 3589 1436 3639 Gesch.

316 3681 341 3730 [a
367 3696 390 3745 p.
415 3679 459 3746 83)
486 3681 595 3744 aliisque
619 3681 736 3731 eiusdem
762 3681 868 3732 tarinae.
902 3709 935 3717 —
970 3683 1002 3731 cl.
1030 3680 1132 3747 Weber,
1160 3680 1377 3746 Weltgeschiohte
1401 3680 1436 3729 1²⁰

316 3789 340 3838 p.
366 3771 431 3823 453:
458 3773 509 3836 „Er
533 3773 619 3822 hesass
643 3773 701 3823 eine
718 3773 965 3822 ausserordentliche
982 3772 1153 3838 Belesenheit,
1170 3773 1231 3821 aher
1250 3774 1335 3838 wenig
1352 3771 1436 3822 Kritilr

317 3865 370 3914 und
397 3865 521 3915 huswahl
546 3864 591 3913 der
617 3862 756 3930 Quellen;”
784 3862 863 3924 Blass‚
890 3863 980 3913 Plut.’s
996 3877 1108 3928 ausgew.
1127 3863 1211 3928 Biogr.
1229 3863 1278 3913 111²
1296 3879 1320 3927 p.
1338 3861 1437 3914 66..

317 3957 460 4022 ,gelehrter
484 3956 607 4006 Forscher
624 3956 671 4005 hat
686 3971 715 4006 er
732 3956 775 4006 nie
791 3957 845 4005 sein
866 3954 974 4004 wollen''
984 3971 991 4018 ;
1008 3955 1068 4004 ihid.
1087 3971 1111 4019 p.
1129 3953 1178 4005 67:
1197 3954 1247 4020 „Er
1265 3954 1299 4005 ist
1317 3954 1438 4019 Moralist,

316 4049 370 4099 und
388 4049 463 4100 nicht
480 4049 651 4099 Historilrer”.

351 4139 429 4191 Valde
454 4145 542 4190 autem
568 4141 648 4200 doleo,
673 4141 789 4190 veritatis
815 4140 901 4190 studio
926 4154 968 4189 me
993 4153 1047 4190 esse
1075 4145 1192 4190 coactum
1219 4139 1298 4189 unico
1322 4139 1376 4188 loco
1392 4137 1436 4187 nbi

316 4231 343 4280 in
362 4231 409 4281 hac
433 4233 611 4282 dissertatione
628 4232 732 4282 iniciam
750 4232 909 4282 mentionem
927 4231 1074 4280 suavissimi
1090 4230 1277 4296 elegantissimi
1295 4229 1435 4280 doctissimi

315 4320 459 4385 philosophi
478 4321 672 4386 Chaeronensis,
688 4336 749 4372 eum
767 4322 953 4388 reprehendere
971 4327 1050 4388 atque
1068 4323 1225 4386 vituperare.
