<?xml version="1.0" encoding="UTF-8"?>
<!DOCTYPE html PUBLIC "-//W3C//DTD XHTML 1.0 Transitional//EN"
    "http://www.w3.org/TR/xhtml1/DTD/xhtml1-transitional.dtd">
<html xmlns="http://www.w3.org/1999/xhtml" xml:lang="en" lang="en">
 <head>
  <title>
</title>
<meta http-equiv="Content-Type" content="text/html;charset=utf-8" />
  <meta name='ocr-system' content='tesseract 3.04.00' />
  <meta name='ocr-capabilities' content='ocr_page ocr_carea ocr_par ocr_line ocrx_word'/>
</head>
<body>
  <div class='ocr_page' id='page_1' title='image "./deorationibusqu00leopgoog_0038.png"; bbox 0 0 3274 5192; ppageno 0'>
   <div class='ocr_carea' id='block_1_1' title="bbox 735 597 773 659">
    <p class='ocr_par' dir='ltr' id='par_1_1' title="bbox 735 597 773 659">
     <span class='ocr_line' id='line_1_1' title="bbox 735 597 773 659; baseline -0.026 0"><span class='ocrx_word' id='word_1_1' title='bbox 735 597 773 659; x_wconf 79' lang='lat'>17</span> 
     </span>
    </p>
   </div>
   <div class='ocr_carea' id='block_1_2' title="bbox 191 777 1319 2577">
    <p class='ocr_par' dir='ltr' id='par_1_2' title="bbox 191 777 1318 1782">
     <span class='ocr_line' id='line_1_2' title="bbox 194 777 1318 872; baseline 0.001 -23"><span class='ocrx_word' id='word_1_2' title='bbox 194 789 340 869; x_wconf 74' lang='lat' dir='ltr'><strong>poetasse</strong></span> <span class='ocrx_word' id='word_1_3' title='bbox 374 785 450 867; x_wconf 85' lang='lat' dir='ltr'>„vix</span> <span class='ocrx_word' id='word_1_4' title='bbox 486 785 613 850; x_wconf 91' lang='lat' dir='ltr'>duobus</span> <span class='ocrx_word' id='word_1_5' title='bbox 637 783 744 849; x_wconf 88' lang='lat' dir='ltr'>verbis</span> <span class='ocrx_word' id='word_1_6' title='bbox 767 784 919 868; x_wconf 85' lang='lat' dir='ltr'>prolatis’&#39;</span> <span class='ocrx_word' id='word_1_7' title='bbox 944 777 1011 866; x_wconf 78' lang='lat' dir='ltr'>eto,</span> <span class='ocrx_word' id='word_1_8' title='bbox 1036 787 1082 850; x_wconf 88' lang='lat' dir='ltr'>sio</span> <span class='ocrx_word' id='word_1_9' title='bbox 1106 789 1226 872; x_wconf 84' lang='lat' dir='ltr'>pergit:</span> <span class='ocrx_word' id='word_1_10' title='bbox 1254 789 1318 869; x_wconf 84' lang='lat' dir='ltr'>„At</span> 
     </span>
     <span class='ocr_line' id='line_1_3' title="bbox 191 897 1318 984; baseline 0.004 -24"><span class='ocrx_word' id='word_1_11' title='bbox 191 899 335 962; x_wconf 89' lang='lat' dir='ltr'>noluisse</span> <span class='ocrx_word' id='word_1_12' title='bbox 370 899 429 961; x_wconf 89' lang='lat' dir='ltr'>hoo</span> <span class='ocrx_word' id='word_1_13' title='bbox 465 897 574 963; x_wconf 83' lang='lat' dir='ltr'>Cicero</span> <span class='ocrx_word' id='word_1_14' title='bbox 610 898 714 962; x_wconf 88' lang='lat' dir='ltr'>dicere</span> <span class='ocrx_word' id='word_1_15' title='bbox 746 898 882 981; x_wconf 85' lang='lat' dir='ltr'>videtur,</span> <span class='ocrx_word' id='word_1_16' title='bbox 918 899 1077 982; x_wconf 80' lang='lat' dir='ltr'>siquidem</span> <span class='ocrx_word' id='word_1_17' title='bbox 1102 919 1143 968; x_wconf 79' lang='lat' dir='ltr'>ex</span> <span class='ocrx_word' id='word_1_18' title='bbox 1170 901 1318 984; x_wconf 82' lang='lat' dir='ltr'>simplici,</span> 
     </span>
     <span class='ocr_line' id='line_1_4' title="bbox 192 1012 1315 1098; baseline 0.002 -22"><span class='ocrx_word' id='word_1_19' title='bbox 192 1014 320 1097; x_wconf 90' lang='lat' dir='ltr'>qualem</span> <span class='ocrx_word' id='word_1_20' title='bbox 343 1013 493 1077; x_wconf 88' lang='lat' dir='ltr'>adhibere</span> <span class='ocrx_word' id='word_1_21' title='bbox 518 1013 617 1094; x_wconf 79' lang='lat' dir='ltr'>decet,</span> <span class='ocrx_word' id='word_1_22' title='bbox 641 1012 813 1078; x_wconf 86' lang='lat' dir='ltr'>verborum</span> <span class='ocrx_word' id='word_1_23' title='bbox 837 1013 1051 1097; x_wconf 87' lang='lat' dir='ltr'>explicatione</span> <span class='ocrx_word' id='word_1_24' title='bbox 1063 1015 1175 1098; x_wconf 66' lang='lat' dir='ltr'>elucet</span> <span class='ocrx_word' id='word_1_25' title='bbox 1189 1014 1315 1078; x_wconf 89' lang='lat' dir='ltr'>nullum</span> 
     </span>
     <span class='ocr_line' id='line_1_5' title="bbox 192 1126 1316 1212; baseline 0.002 -22"><span class='ocrx_word' id='word_1_26' title='bbox 192 1129 300 1211; x_wconf 88' lang='lat' dir='ltr'>potius</span> <span class='ocrx_word' id='word_1_27' title='bbox 334 1129 466 1190; x_wconf 92' lang='lat' dir='ltr'>omnino</span> <span class='ocrx_word' id='word_1_28' title='bbox 501 1126 696 1191; x_wconf 82' lang='lat' dir='ltr'>vocabulum</span> <span class='ocrx_word' id='word_1_29' title='bbox 731 1128 893 1210; x_wconf 86' lang='lat' dir='ltr'>integrum</span> <span class='ocrx_word' id='word_1_30' title='bbox 929 1127 969 1191; x_wconf 93' lang='lat' dir='ltr'>ab</span> <span class='ocrx_word' id='word_1_31' title='bbox 1000 1146 1036 1192; x_wconf 92' lang='lat' dir='ltr'>eo</span> <span class='ocrx_word' id='word_1_32' title='bbox 1068 1129 1316 1212; x_wconf 84' lang='lat' dir='ltr'>pronunciatum</span> 
     </span>
     <span class='ocr_line' id='line_1_6' title="bbox 192 1241 1317 1326; baseline 0.001 -21"><span class='ocrx_word' id='word_1_33' title='bbox 192 1260 271 1318; x_wconf 89' lang='lat' dir='ltr'>esse,</span> <span class='ocrx_word' id='word_1_34' title='bbox 306 1241 363 1304; x_wconf 92' lang='lat' dir='ltr'>sed</span> <span class='ocrx_word' id='word_1_35' title='bbox 396 1241 619 1305; x_wconf 90' lang='lat' dir='ltr'>tantummodo</span> <span class='ocrx_word' id='word_1_36' title='bbox 644 1242 803 1324; x_wconf 79' lang='lat' dir='ltr'>incepisse</span> <span class='ocrx_word' id='word_1_37' title='bbox 826 1259 899 1305; x_wconf 91' lang='lat' dir='ltr'>eum</span> <span class='ocrx_word' id='word_1_38' title='bbox 925 1241 988 1305; x_wconf 91' lang='lat' dir='ltr'>duo</span> <span class='ocrx_word' id='word_1_39' title='bbox 1011 1261 1048 1305; x_wconf 89' lang='lat' dir='ltr'>ac</span> <span class='ocrx_word' id='word_1_40' title='bbox 1071 1261 1149 1306; x_wconf 82' lang='lat' dir='ltr'>voce</span> <span class='ocrx_word' id='word_1_41' title='bbox 1173 1243 1317 1326; x_wconf 82' lang='lat' dir='ltr'>attigisse</span> 
     </span>
     <span class='ocr_line' id='line_1_7' title="bbox 194 1354 1318 1440; baseline 0.002 -23"><span class='ocrx_word' id='word_1_42' title='bbox 194 1357 222 1417; x_wconf 93' lang='lat' dir='ltr'>h.</span> <span class='ocrx_word' id='word_1_43' title='bbox 235 1373 261 1418; x_wconf 91' lang='lat' dir='ltr'>e.</span> <span class='ocrx_word' id='word_1_44' title='bbox 283 1354 419 1419; x_wconf 90' lang='lat' dir='ltr'>fortasse</span> <span class='ocrx_word' id='word_1_45' title='bbox 441 1355 563 1440; x_wconf 83' lang='lat' dir='ltr'>litteras</span> <span class='ocrx_word' id='word_1_46' title='bbox 588 1373 699 1418; x_wconf 91' lang='lat' dir='ltr'>eorum</span> <span class='ocrx_word' id='word_1_47' title='bbox 723 1355 862 1419; x_wconf 89' lang='lat' dir='ltr'>initiales</span> <span class='ocrx_word' id='word_1_48' title='bbox 881 1356 1062 1438; x_wconf 86' lang='lat' dir='ltr'>protulisse,</span> <span class='ocrx_word' id='word_1_49' title='bbox 1088 1359 1122 1419; x_wconf 93' lang='lat' dir='ltr'>ut</span> <span class='ocrx_word' id='word_1_50' title='bbox 1145 1357 1174 1420; x_wconf 89' lang='lat' dir='ltr'>si</span> <span class='ocrx_word' id='word_1_51' title='bbox 1197 1358 1230 1419; x_wconf 94' lang='lat' dir='ltr'>in</span> <span class='ocrx_word' id='word_1_52' title='bbox 1255 1358 1318 1420; x_wconf 93' lang='lat' dir='ltr'>alia</span> 
     </span>
     <span class='ocr_line' id='line_1_8' title="bbox 193 1468 1318 1552; baseline -0.001 -18"><span class='ocrx_word' id='word_1_53' title='bbox 193 1489 228 1534; x_wconf 92' lang='lat' dir='ltr'>re</span> <span class='ocrx_word' id='word_1_54' title='bbox 262 1470 381 1534; x_wconf 88' lang='lat' dir='ltr'>dixerit</span> <span class='ocrx_word' id='word_1_55' title='bbox 416 1468 454 1533; x_wconf 91' lang='lat' dir='ltr'>V.</span> <span class='ocrx_word' id='word_1_56' title='bbox 479 1468 511 1532; x_wconf 82' lang='grc' dir='ltr'>Ο.</span> <span class='ocrx_word' id='word_1_57' title='bbox 548 1488 605 1552; x_wconf 89' lang='lat' dir='ltr'>pro</span> <span class='ocrx_word' id='word_1_58' title='bbox 642 1468 803 1550; x_wconf 86' lang='lat' dir='ltr'>„Videant</span> <span class='ocrx_word' id='word_1_59' title='bbox 827 1468 1102 1551; x_wconf 81' lang='lat' dir='ltr'>Oonsules’&#39;’&#39;(!?)</span> <span class='ocrx_word' id='word_1_60' title='bbox 1127 1468 1216 1545; x_wconf 80' lang='lat' dir='ltr'>Quae</span> <span class='ocrx_word' id='word_1_61' title='bbox 1239 1471 1318 1533; x_wconf 91' lang='lat' dir='ltr'>mihi</span> 
     </span>
     <span class='ocr_line' id='line_1_9' title="bbox 193 1581 1318 1668; baseline 0.001 -20"><span class='ocrx_word' id='word_1_62' title='bbox 193 1584 323 1668; x_wconf 90' lang='lat' dir='ltr'>quidem</span> <span class='ocrx_word' id='word_1_63' title='bbox 360 1601 466 1647; x_wconf 87' lang='lat' dir='ltr'>merae</span> <span class='ocrx_word' id='word_1_64' title='bbox 501 1582 653 1647; x_wconf 84' lang='lat' dir='ltr'>videntur</span> <span class='ocrx_word' id='word_1_65' title='bbox 687 1601 801 1666; x_wconf 86' lang='lat' dir='ltr'>nugae.</span> <span class='ocrx_word' id='word_1_66' title='bbox 827 1581 941 1647; x_wconf 91' lang='lat' dir='ltr'>-De</span> <span class='ocrx_word' id='word_1_67' title='bbox 970 1603 1006 1648; x_wconf 92' lang='lat' dir='ltr'>re</span> <span class='ocrx_word' id='word_1_68' title='bbox 1036 1583 1074 1648; x_wconf 91' lang='lat' dir='ltr'>cf.</span> <span class='ocrx_word' id='word_1_69' title='bbox 1111 1585 1192 1666; x_wconf 74' lang='lat' dir='ltr'>§iz</span> <span class='ocrx_word' id='word_1_70' title='bbox 1220 1603 1318 1666; x_wconf 82' lang='lat' dir='ltr'>„voce</span> 
     </span>
     <span class='ocr_line' id='line_1_10' title="bbox 194 1695 872 1782; baseline -0.004 -20"><span class='ocrx_word' id='word_1_71' title='bbox 194 1705 319 1763; x_wconf 88' lang='lat' dir='ltr'>tantum</span> <span class='ocrx_word' id='word_1_72' title='bbox 344 1700 435 1782; x_wconf 87' lang='lat' dir='ltr'>attigi</span> <span class='ocrx_word' id='word_1_73' title='bbox 458 1699 566 1782; x_wconf 84' lang='lat' dir='ltr'>legum</span> <span class='ocrx_word' id='word_1_74' title='bbox 589 1695 742 1761; x_wconf 90' lang='lat' dir='ltr'>initium&#39;&#39;</span> <span class='ocrx_word' id='word_1_75' title='bbox 766 1717 791 1763; x_wconf 88' lang='lat' dir='ltr'>e.</span> <span class='ocrx_word' id='word_1_76' title='bbox 806 1718 835 1780; x_wconf 90' lang='lat' dir='ltr'>q.</span> <span class='ocrx_word' id='word_1_77' title='bbox 848 1716 872 1761; x_wconf 91' lang='lat' dir='ltr'>s.</span> 
     </span>
    </p>

    <p class='ocr_par' dir='ltr' id='par_1_3' title="bbox 192 1811 1319 2577">
     <span class='ocr_line' id='line_1_11' title="bbox 238 1811 1318 1896; baseline 0.001 -21"><span class='ocrx_word' id='word_1_78' title='bbox 238 1833 269 1896; x_wconf 94' lang='lat' dir='ltr'>p.</span> <span class='ocrx_word' id='word_1_79' title='bbox 305 1813 346 1875; x_wconf 80' lang='grc'>47</span> <span class='ocrx_word' id='word_1_80' title='bbox 362 1833 408 1896; x_wconf 92' lang='lat' dir='ltr'>sq.</span> <span class='ocrx_word' id='word_1_81' title='bbox 444 1811 527 1876; x_wconf 87' lang='lat' dir='ltr'>Male</span> <span class='ocrx_word' id='word_1_82' title='bbox 557 1811 698 1876; x_wconf 88' lang='lat' dir='ltr'>defendit</span> <span class='ocrx_word' id='word_1_83' title='bbox 721 1811 819 1875; x_wconf 86' lang='lat' dir='ltr'>verba</span> <span class='ocrx_word' id='word_1_84' title='bbox 843 1812 861 1893; x_wconf 66' lang='grc' dir='ltr'>ξ</span> <span class='ocrx_word' id='word_1_85' title='bbox 888 1812 946 1874; x_wconf 88' lang='lat' dir='ltr'>ll:</span> <span class='ocrx_word' id='word_1_86' title='bbox 974 1811 1125 1893; x_wconf 80' lang='lat' dir='ltr'>„domum</span> <span class='ocrx_word' id='word_1_87' title='bbox 1150 1830 1253 1876; x_wconf 91' lang='lat' dir='ltr'>meam</span> <span class='ocrx_word' id='word_1_88' title='bbox 1277 1830 1318 1876; x_wconf 92' lang='lat' dir='ltr'>ne</span> 
     </span>
     <span class='ocr_line' id='line_1_12' title="bbox 195 1923 1319 2010; baseline -0.003 -19"><span class='ocrx_word' id='word_1_89' title='bbox 195 1947 260 1991; x_wconf 92' lang='lat' dir='ltr'>una</span> <span class='ocrx_word' id='word_1_90' title='bbox 295 1927 425 2010; x_wconf 91' lang='lat' dir='ltr'>quidem</span> <span class='ocrx_word' id='word_1_91' title='bbox 449 1925 555 2008; x_wconf 85' lang='lat' dir='ltr'>attigit</span> <span class='ocrx_word' id='word_1_92' title='bbox 577 1924 669 1989; x_wconf 90' lang='lat' dir='ltr'>litera</span> <span class='ocrx_word' id='word_1_93' title='bbox 691 1923 877 2008; x_wconf 85' lang='lat' dir='ltr'>religionis&#39;&#39;</span> <span class='ocrx_word' id='word_1_94' title='bbox 902 1924 971 2009; x_wconf 90' lang='lat' dir='ltr'>(pro</span> <span class='ocrx_word' id='word_1_95' title='bbox 997 1925 1056 2007; x_wconf 84' lang='lat' dir='ltr'>„de</span> <span class='ocrx_word' id='word_1_96' title='bbox 1079 1924 1263 2009; x_wconf 86' lang='lat' dir='ltr'>religione’&#39;,</span> <span class='ocrx_word' id='word_1_97' title='bbox 1285 1925 1319 1988; x_wconf 94' lang='lat' dir='ltr'>id</span> 
     </span>
     <span class='ocr_line' id='line_1_13' title="bbox 196 2039 1318 2125; baseline -0.001 -20"><span class='ocrx_word' id='word_1_98' title='bbox 196 2041 282 2124; x_wconf 88' lang='lat' dir='ltr'>quod</span> <span class='ocrx_word' id='word_1_99' title='bbox 317 2041 458 2125; x_wconf 83' lang='lat' dir='ltr'>postulat</span> <span class='ocrx_word' id='word_1_100' title='bbox 492 2039 605 2103; x_wconf 87' lang='lat' dir='ltr'>Markl.</span> <span class='ocrx_word' id='word_1_101' title='bbox 640 2061 668 2123; x_wconf 91' lang='lat' dir='ltr'>p.</span> <span class='ocrx_word' id='word_1_102' title='bbox 693 2040 774 2119; x_wconf 78' lang='lat'><strong>3363</strong></span> <span class='ocrx_word' id='word_1_103' title='bbox 800 2040 837 2103; x_wconf 90' lang='lat' dir='ltr'>of.</span> <span class='ocrx_word' id='word_1_104' title='bbox 863 2039 986 2104; x_wconf 83' lang='lat' dir='ltr'>Cluent.</span> <span class='ocrx_word' id='word_1_105' title='bbox 1012 2042 1093 2103; x_wconf 82' lang='lat'>184:</span> <span class='ocrx_word' id='word_1_106' title='bbox 1121 2043 1174 2123; x_wconf 84' lang='lat' dir='ltr'>„in</span> <span class='ocrx_word' id='word_1_107' title='bbox 1199 2040 1318 2124; x_wconf 90' lang='lat' dir='ltr'>quibus</span> 
     </span>
     <span class='ocr_line' id='line_1_14' title="bbox 192 2151 1319 2236; baseline -0.002 -17"><span class='ocrx_word' id='word_1_108' title='bbox 192 2155 318 2219; x_wconf 91' lang='lat' dir='ltr'>tabellis</span> <span class='ocrx_word' id='word_1_109' title='bbox 361 2155 410 2218; x_wconf 90' lang='lat' dir='ltr'>de</span> <span class='ocrx_word' id='word_1_110' title='bbox 451 2153 466 2216; x_wconf 86' lang='lat' dir='ltr'><strong>f</strong></span> <span class='ocrx_word' id='word_1_111' title='bbox 476 2159 582 2218; x_wconf 86' lang='lat' dir='ltr'>urto</span> <span class='ocrx_word' id='word_1_112' title='bbox 617 2153 722 2236; x_wconf 89' lang='lat' dir='ltr'>littera</span> <span class='ocrx_word' id='word_1_113' title='bbox 757 2153 847 2216; x_wconf 93' lang='lat' dir='ltr'>nulla</span> <span class='ocrx_word' id='word_1_114' title='bbox 880 2151 1124 2231; x_wconf 85' lang='lat' dir='ltr'>invenitnr¹)’&#39;).</span> <span class='ocrx_word' id='word_1_115' title='bbox 1158 2152 1232 2216; x_wconf 88' lang='lat' dir='ltr'>Non</span> <span class='ocrx_word' id='word_1_116' title='bbox 1268 2154 1319 2217; x_wconf 93' lang='lat' dir='ltr'>hic</span> 
     </span>
     <span class='ocr_line' id='line_1_15' title="bbox 192 2267 1319 2350; baseline 0 -18"><span class='ocrx_word' id='word_1_117' title='bbox 192 2270 283 2332; x_wconf 89' lang='lat' dir='ltr'>locus</span> <span class='ocrx_word' id='word_1_118' title='bbox 315 2268 474 2331; x_wconf 88' lang='lat' dir='ltr'>desiderat</span> <span class='ocrx_word' id='word_1_119' title='bbox 508 2268 801 2350; x_wconf 88' lang='lat' dir='ltr'>interpretationem</span> <span class='ocrx_word' id='word_1_120' title='bbox 838 2303 878 2312; x_wconf 95' lang='lat'>-</span> <span class='ocrx_word' id='word_1_121' title='bbox 916 2287 1011 2349; x_wconf 91' lang='lat' dir='ltr'>quam</span> <span class='ocrx_word' id='word_1_122' title='bbox 1047 2272 1153 2330; x_wconf 92' lang='lat' dir='ltr'>tamen</span> <span class='ocrx_word' id='word_1_123' title='bbox 1190 2267 1319 2350; x_wconf 90' lang='lat' dir='ltr'>praebet</span> 
     </span>
     <span class='ocr_line' id='line_1_16' title="bbox 193 2379 1319 2464; baseline -0.002 -17"><span class='ocrx_word' id='word_1_124' title='bbox 193 2381 411 2464; x_wconf 85' lang='lat' dir='ltr'>Lahmeyerus</span> <span class='ocrx_word' id='word_1_125' title='bbox 438 2382 556 2445; x_wconf 91' lang='lat' dir='ltr'>-sed</span> <span class='ocrx_word' id='word_1_126' title='bbox 591 2381 677 2445; x_wconf 89' lang='lat' dir='ltr'>locos</span> <span class='ocrx_word' id='word_1_127' title='bbox 710 2383 766 2464; x_wconf 91' lang='lat' dir='ltr'>qui</span> <span class='ocrx_word' id='word_1_128' title='bbox 790 2379 944 2444; x_wconf 86' lang='lat' dir='ltr'>dicuntur</span> <span class='ocrx_word' id='word_1_129' title='bbox 966 2380 1134 2463; x_wconf 90' lang='lat' dir='ltr'>parallelos</span> <span class='ocrx_word' id='word_1_130' title='bbox 1158 2399 1199 2444; x_wconf 84' lang='lat' dir='ltr'>ex</span> <span class='ocrx_word' id='word_1_131' title='bbox 1225 2383 1319 2445; x_wconf 89' lang='lat' dir='ltr'>orati·</span> 
     </span>
     <span class='ocr_line' id='line_1_17' title="bbox 194 2493 1319 2577; baseline -0.001 -17"><span class='ocrx_word' id='word_1_132' title='bbox 194 2496 311 2560; x_wconf 91' lang='lat' dir='ltr'>onibus</span> <span class='ocrx_word' id='word_1_133' title='bbox 347 2514 421 2560; x_wconf 83' lang='lat' dir='ltr'>vere</span> <span class='ocrx_word' id='word_1_134' title='bbox 456 2494 693 2576; x_wconf 81' lang='lat' dir='ltr'>Ciceronianis3</span> <span class='ocrx_word' id='word_1_135' title='bbox 729 2516 803 2559; x_wconf 92' lang='lat' dir='ltr'>nam</span> <span class='ocrx_word' id='word_1_136' title='bbox 839 2495 972 2574; x_wconf 84' lang='lat' dir='ltr'>nullius,</span> <span class='ocrx_word' id='word_1_137' title='bbox 1008 2501 1044 2558; x_wconf 93' lang='lat' dir='ltr'>ut</span> <span class='ocrx_word' id='word_1_138' title='bbox 1073 2493 1134 2558; x_wconf 86' lang='lat' dir='ltr'>fert</span> <span class='ocrx_word' id='word_1_139' title='bbox 1157 2514 1216 2577; x_wconf 84' lang='lat' dir='ltr'>res,</span> <span class='ocrx_word' id='word_1_140' title='bbox 1242 2501 1319 2559; x_wconf 90' lang='lat' dir='ltr'>sunt</span> 
     </span>
    </p>
   </div>
   <div class='ocr_carea' id='block_1_3' title="bbox 148 2607 1319 3148">
    <p class='ocr_par' dir='ltr' id='par_1_4' title="bbox 193 2607 1318 2806">
     <span class='ocr_line' id='line_1_18' title="bbox 193 2607 1318 2694; baseline -0.002 -21"><span class='ocrx_word' id='word_1_141' title='bbox 193 2611 287 2694; x_wconf 89' lang='lat' dir='ltr'>pretii</span> <span class='ocrx_word' id='word_1_142' title='bbox 314 2609 412 2673; x_wconf 91' lang='lat' dir='ltr'>verba</span> <span class='ocrx_word' id='word_1_143' title='bbox 436 2628 476 2673; x_wconf 85' lang='lat' dir='ltr'>ex</span> <span class='ocrx_word' id='word_1_144' title='bbox 501 2609 644 2673; x_wconf 90' lang='lat' dir='ltr'>oratione</span> <span class='ocrx_word' id='word_1_145' title='bbox 668 2627 751 2692; x_wconf 91' lang='lat' dir='ltr'>quae</span> <span class='ocrx_word' id='word_1_146' title='bbox 774 2627 876 2692; x_wconf 90' lang='lat' dir='ltr'>aeque</span> <span class='ocrx_word' id='word_1_147' title='bbox 900 2613 948 2672; x_wconf 90' lang='lat' dir='ltr'>est</span> <span class='ocrx_word' id='word_1_148' title='bbox 971 2607 1138 2672; x_wconf 91' lang='lat' dir='ltr'>subdititia</span> <span class='ocrx_word' id='word_1_149' title='bbox 1162 2608 1201 2672; x_wconf 91' lang='lat' dir='ltr'>de</span> <span class='ocrx_word' id='word_1_150' title='bbox 1225 2608 1318 2671; x_wconf 92' lang='lat' dir='ltr'>domo</span> 
     </span>
     <span class='ocr_line' id='line_1_19' title="bbox 195 2719 1074 2806; baseline -0.002 -20"><span class='ocrx_word' id='word_1_151' title='bbox 195 2725 214 2806; x_wconf 60' lang='grc' dir='ltr'><strong>ᾗ</strong></span> <span class='ocrx_word' id='word_1_152' title='bbox 240 2725 303 2786; x_wconf 86' lang='grc'>128</span> <span class='ocrx_word' id='word_1_153' title='bbox 331 2743 454 2805; x_wconf 87' lang='lat' dir='ltr'>„unum</span> <span class='ocrx_word' id='word_1_154' title='bbox 480 2722 612 2787; x_wconf 90' lang='lat' dir='ltr'>ostende</span> <span class='ocrx_word' id='word_1_155' title='bbox 636 2722 768 2786; x_wconf 85' lang='lat' dir='ltr'>verbnm</span> <span class='ocrx_word' id='word_1_156' title='bbox 795 2719 1074 2787; x_wconf 90' lang='lat' dir='ltr'>consecrationis.&#39;’</span> 
     </span>
    </p>

    <p class='ocr_par' dir='ltr' id='par_1_5' title="bbox 148 2834 1319 3148">
     <span class='ocr_line' id='line_1_20' title="bbox 240 2834 1319 2921; baseline -0.001 -22"><span class='ocrx_word' id='word_1_157' title='bbox 240 2858 268 2921; x_wconf 93' lang='lat' dir='ltr'>p.</span> <span class='ocrx_word' id='word_1_158' title='bbox 294 2838 344 2900; x_wconf 82' lang='lat'>50.</span> <span class='ocrx_word' id='word_1_159' title='bbox 378 2836 601 2901; x_wconf 85' lang='lat' dir='ltr'>Infelicissime</span> <span class='ocrx_word' id='word_1_160' title='bbox 636 2837 796 2920; x_wconf 87' lang='lat' dir='ltr'>explicare</span> <span class='ocrx_word' id='word_1_161' title='bbox 831 2841 927 2918; x_wconf 87' lang='lat' dir='ltr'>atque</span> <span class='ocrx_word' id='word_1_162' title='bbox 962 2836 1046 2899; x_wconf 89' lang='lat' dir='ltr'>tueri</span> <span class='ocrx_word' id='word_1_163' title='bbox 1081 2840 1216 2898; x_wconf 91' lang='lat' dir='ltr'>conatur</span> <span class='ocrx_word' id='word_1_164' title='bbox 1239 2834 1319 2898; x_wconf 81' lang='lat' dir='ltr'>Lah-</span> 
     </span>
     <span class='ocr_line' id='line_1_21' title="bbox 196 2940 1318 3034; baseline -0.002 -19"><span class='ocrx_word' id='word_1_165' title='bbox 196 2970 344 3033; x_wconf 88' lang='lat' dir='ltr'>meyerus</span> <span class='ocrx_word' id='word_1_166' title='bbox 378 2951 487 3015; x_wconf 90' lang='lat' dir='ltr'>locum</span> <span class='ocrx_word' id='word_1_167' title='bbox 517 2940 659 3034; x_wconf 83' lang='lat' dir='ltr'>graviter</span> <span class='ocrx_word' id='word_1_168' title='bbox 682 2954 868 3033; x_wconf 88' lang='lat' dir='ltr'>corruptum</span> <span class='ocrx_word' id='word_1_169' title='bbox 894 2949 912 3030; x_wconf 64' lang='grc' dir='ltr'>ξ</span> <span class='ocrx_word' id='word_1_170' title='bbox 937 2949 979 3011; x_wconf 86' lang='grc'>62</span> <span class='ocrx_word' id='word_1_171' title='bbox 1007 2968 1101 3030; x_wconf 86' lang='lat' dir='ltr'>„oum</span> <span class='ocrx_word' id='word_1_172' title='bbox 1125 2949 1318 3032; x_wconf 92' lang='lat' dir='ltr'>quibusdam</span> 
     </span>
     <span class='ocr_line' id='line_1_22' title="bbox 148 3054 768 3148; baseline -0.003 -20"><span class='ocrx_word' id='word_1_173' title='bbox 148 3054 153 3066; x_wconf 79' lang='grc'><em>’</em></span> <span class='ocrx_word' id='word_1_174' title='bbox 196 3065 307 3128; x_wconf 89' lang='lat' dir='ltr'>multis</span> <span class='ocrx_word' id='word_1_175' title='bbox 331 3064 577 3148; x_wconf 89' lang='lat' dir='ltr'>metuendisque</span> <span class='ocrx_word' id='word_1_176' title='bbox 601 3063 719 3129; x_wconf 90' lang='lat' dir='ltr'>rebus&#39;’</span> <span class='ocrx_word' id='word_1_177' title='bbox 734 3064 768 3147; x_wconf 63' lang='grc' dir='ltr'>Β).</span> 
     </span>
    </p>
   </div>
   <div class='ocr_carea' id='block_1_4' title="bbox 193 3275 1320 3701">
    <p class='ocr_par' dir='ltr' id='par_1_6' title="bbox 193 3275 1320 3701">
     <span class='ocr_line' id='line_1_23' title="bbox 238 3275 1320 3359; baseline 0 -20"><span class='ocrx_word' id='word_1_178' title='bbox 238 3275 449 3340; x_wconf 89' lang='lat' dir='ltr'>Paucissimis</span> <span class='ocrx_word' id='word_1_179' title='bbox 484 3276 599 3341; x_wconf 90' lang='lat' dir='ltr'>deinde</span> <span class='ocrx_word' id='word_1_180' title='bbox 634 3276 781 3359; x_wconf 84' lang='lat' dir='ltr'>perfungi</span> <span class='ocrx_word' id='word_1_181' title='bbox 818 3295 949 3359; x_wconf 91' lang='lat' dir='ltr'>possum</span> <span class='ocrx_word' id='word_1_182' title='bbox 985 3276 1023 3340; x_wconf 90' lang='lat' dir='ltr'>de</span> <span class='ocrx_word' id='word_1_183' title='bbox 1046 3296 1075 3338; x_wconf 86' lang='lat' dir='ltr'>v.</span> <span class='ocrx_word' id='word_1_184' title='bbox 1101 3276 1129 3338; x_wconf 93' lang='lat' dir='ltr'>d.</span> <span class='ocrx_word' id='word_1_185' title='bbox 1155 3275 1320 3359; x_wconf 94' lang='lat' dir='ltr'>Pompe</span> 
     </span>
     <span class='ocr_line' id='line_1_24' title="bbox 195 3389 1320 3473; baseline 0.002 -22"><span class='ocrx_word' id='word_1_186' title='bbox 195 3410 216 3451; x_wconf 86' lang='lat' dir='ltr'><strong>v</strong></span> <span class='ocrx_word' id='word_1_187' title='bbox 229 3409 281 3453; x_wconf 93' lang='lat' dir='ltr'>an</span> <span class='ocrx_word' id='word_1_188' title='bbox 305 3389 335 3452; x_wconf 88' lang='lat' dir='ltr'>M</span> <span class='ocrx_word' id='word_1_189' title='bbox 351 3390 673 3472; x_wconf 86' lang='lat' dir='ltr'>eerdervoort‚</span> <span class='ocrx_word' id='word_1_190' title='bbox 697 3391 753 3473; x_wconf 93' lang='lat' dir='ltr'>qni</span> <span class='ocrx_word' id='word_1_191' title='bbox 776 3391 810 3452; x_wconf 95' lang='lat' dir='ltr'>in</span> <span class='ocrx_word' id='word_1_192' title='bbox 834 3390 1058 3454; x_wconf 88' lang='lat' dir='ltr'>dissertatione</span> <span class='ocrx_word' id='word_1_193' title='bbox 1077 3391 1131 3453; x_wconf 91' lang='lat' dir='ltr'>cui</span> <span class='ocrx_word' id='word_1_194' title='bbox 1144 3394 1192 3454; x_wconf 90' lang='lat' dir='ltr'>est</span> <span class='ocrx_word' id='word_1_195' title='bbox 1203 3389 1320 3453; x_wconf 88' lang='lat' dir='ltr'>titulus</span> 
     </span>
     <span class='ocr_line' id='line_1_25' title="bbox 198 3503 1320 3586; baseline -0.002 -19"><span class='ocrx_word' id='word_1_196' title='bbox 198 3505 439 3585; x_wconf 87' lang='lat' dir='ltr'>„annotationes</span> <span class='ocrx_word' id='word_1_197' title='bbox 475 3503 516 3567; x_wconf 91' lang='lat' dir='ltr'>ad</span> <span class='ocrx_word' id='word_1_198' title='bbox 551 3505 725 3568; x_wconf 85' lang='lat' dir='ltr'>orationem</span> <span class='ocrx_word' id='word_1_199' title='bbox 762 3522 844 3586; x_wconf 91' lang='lat' dir='ltr'>qnae</span> <span class='ocrx_word' id='word_1_200' title='bbox 879 3503 1042 3568; x_wconf 81' lang='lat' dir='ltr'>Ciceronis</span> <span class='ocrx_word' id='word_1_201' title='bbox 1065 3503 1167 3568; x_wconf 89' lang='lat' dir='ltr'>fertur</span> <span class='ocrx_word' id='word_1_202' title='bbox 1190 3504 1230 3568; x_wconf 92' lang='lat' dir='ltr'>de</span> <span class='ocrx_word' id='word_1_203' title='bbox 1254 3504 1320 3566; x_wconf 91' lang='lat' dir='ltr'>har.</span> 
     </span>
     <span class='ocr_line' id='line_1_26' title="bbox 193 3616 1318 3701; baseline 0 -21"><span class='ocrx_word' id='word_1_204' title='bbox 193 3616 376 3701; x_wconf 89' lang='lat' dir='ltr'>responsis’&#39;</span> <span class='ocrx_word' id='word_1_205' title='bbox 407 3618 484 3701; x_wconf 91' lang='lat' dir='ltr'>(qua</span> <span class='ocrx_word' id='word_1_206' title='bbox 509 3618 593 3681; x_wconf 83' lang='lat'>1850</span> <span class='ocrx_word' id='word_1_207' title='bbox 618 3619 652 3681; x_wconf 95' lang='lat' dir='ltr'>in</span> <span class='ocrx_word' id='word_1_208' title='bbox 677 3624 785 3682; x_wconf 91' lang='lat' dir='ltr'>nostra</span> <span class='ocrx_word' id='word_1_209' title='bbox 810 3617 1025 3683; x_wconf 87' lang='lat' dir='ltr'>Universitate</span> <span class='ocrx_word' id='word_1_210' title='bbox 1048 3618 1231 3682; x_wconf 86' lang='lat' dir='ltr'>doctoratus</span> <span class='ocrx_word' id='word_1_211' title='bbox 1257 3617 1318 3681; x_wconf 91' lang='lat' dir='ltr'>sibi</span> 
     </span>
    </p>
   </div>
   <div class='ocr_carea' id='block_1_5' title="bbox 193 3874 1321 4307">
    <p class='ocr_par' dir='ltr' id='par_1_7' title="bbox 196 3874 1319 4034">
     <span class='ocr_line' id='line_1_27' title="bbox 228 3874 1319 3941; baseline 0 -17"><span class='ocrx_word' id='word_1_212' title='bbox 228 3874 257 3938; x_wconf 84' lang='lat' dir='ltr'>l)</span> <span class='ocrx_word' id='word_1_213' title='bbox 278 3875 363 3941; x_wconf 86' lang='lat' dir='ltr'>Longe</span> <span class='ocrx_word' id='word_1_214' title='bbox 387 3877 487 3926; x_wconf 86' lang='lat' dir='ltr'>diversa</span> <span class='ocrx_word' id='word_1_215' title='bbox 512 3877 599 3926; x_wconf 85' lang='lat' dir='ltr'>omnia</span> <span class='ocrx_word' id='word_1_216' title='bbox 627 3882 690 3927; x_wconf 83' lang='lat' dir='ltr'>sunt</span> <span class='ocrx_word' id='word_1_217' title='bbox 705 3878 761 3928; x_wconf 87' lang='lat' dir='ltr'>loco</span> <span class='ocrx_word' id='word_1_218' title='bbox 778 3877 809 3926; x_wconf 87' lang='lat' dir='ltr'>ad</span> <span class='ocrx_word' id='word_1_219' title='bbox 828 3876 899 3927; x_wconf 84' lang='lat' dir='ltr'>Fam.</span> <span class='ocrx_word' id='word_1_220' title='bbox 917 3877 928 3926; x_wconf 95' lang='lat' dir='ltr'>I</span> <span class='ocrx_word' id='word_1_221' title='bbox 946 3875 971 3939; x_wconf 83' lang='lat' dir='ltr'>l,</span> <span class='ocrx_word' id='word_1_222' title='bbox 989 3891 1067 3940; x_wconf 83' lang='lat' dir='ltr'>quern</span> <span class='ocrx_word' id='word_1_223' title='bbox 1086 3876 1160 3925; x_wconf 80' lang='lat' dir='ltr'>allent</span> <span class='ocrx_word' id='word_1_224' title='bbox 1178 3874 1319 3938; x_wconf 87' lang='lat' dir='ltr'>Gesnerus,</span> 
     </span>
     <span class='ocr_line' id='line_1_28' title="bbox 196 3966 802 4034; baseline 0.003 -18"><span class='ocrx_word' id='word_1_225' title='bbox 196 3967 240 4016; x_wconf 93' lang='lat' dir='ltr'>ubi</span> <span class='ocrx_word' id='word_1_226' title='bbox 258 3966 369 4031; x_wconf 81' lang='lat' dir='ltr'>legimus</span> <span class='ocrx_word' id='word_1_227' title='bbox 387 3969 486 4034; x_wconf 82' lang='lat' dir='ltr'>„calu</span> <span class='ocrx_word' id='word_1_228' title='bbox 497 3982 522 4016; x_wconf 92' lang='lat' dir='ltr'>m</span> <span class='ocrx_word' id='word_1_229' title='bbox 533 3982 550 4017; x_wconf 92' lang='lat' dir='ltr'>n</span> <span class='ocrx_word' id='word_1_230' title='bbox 561 3968 629 4017; x_wconf 86' lang='lat' dir='ltr'>iam</span> <span class='ocrx_word' id='word_1_231' title='bbox 648 3967 802 4033; x_wconf 74' lang='lat' dir='ltr'>religionis.”</span> 
     </span>
    </p>

    <p class='ocr_par' dir='ltr' id='par_1_8' title="bbox 193 4057 1321 4307">
     <span class='ocr_line' id='line_1_29' title="bbox 227 4057 1320 4124; baseline -0.001 -17"><span class='ocrx_word' id='word_1_232' title='bbox 227 4057 255 4123; x_wconf 70' lang='lat' dir='ltr'>l)</span> <span class='ocrx_word' id='word_1_233' title='bbox 274 4058 330 4118; x_wconf 90' lang='lat' dir='ltr'>Quo</span> <span class='ocrx_word' id='word_1_234' title='bbox 356 4060 410 4109; x_wconf 89' lang='lat' dir='ltr'>loco</span> <span class='ocrx_word' id='word_1_235' title='bbox 435 4064 481 4110; x_wconf 86' lang='lat' dir='ltr'>aut</span> <span class='ocrx_word' id='word_1_236' title='bbox 507 4075 567 4109; x_wconf 93' lang='lat' dir='ltr'>cum</span> <span class='ocrx_word' id='word_1_237' title='bbox 592 4057 1066 4124; x_wconf 73' lang='lat' dir='ltr'>Madvigio&lt;ndv.erit.111p.1tt)</span> <span class='ocrx_word' id='word_1_238' title='bbox 1086 4058 1224 4122; x_wconf 80' lang='lat' dir='ltr'>legendum</span> <span class='ocrx_word' id='word_1_239' title='bbox 1244 4058 1320 4124; x_wconf 81' lang='lat' dir='ltr'>„qui-</span> 
     </span>
     <span class='ocr_line' id='line_1_30' title="bbox 193 4147 1320 4216; baseline -0.002 -16"><span class='ocrx_word' id='word_1_240' title='bbox 193 4151 303 4201; x_wconf 86' lang='lat' dir='ltr'>busdam</span> <span class='ocrx_word' id='word_1_241' title='bbox 331 4152 454 4201; x_wconf 86' lang='lat' dir='ltr'>monstris</span> <span class='ocrx_word' id='word_1_242' title='bbox 481 4152 571 4201; x_wconf 86' lang='lat' dir='ltr'>multis</span> <span class='ocrx_word' id='word_1_243' title='bbox 591 4152 789 4215; x_wconf 88' lang='lat' dir='ltr'>metuendisque</span> <span class='ocrx_word' id='word_1_244' title='bbox 808 4149 935 4215; x_wconf 85' lang='lat' dir='ltr'>[rebus]&#39;&#39;,</span> <span class='ocrx_word' id='word_1_245' title='bbox 953 4155 999 4200; x_wconf 85' lang='lat' dir='ltr'>aut</span> <span class='ocrx_word' id='word_1_246' title='bbox 1020 4165 1080 4199; x_wconf 90' lang='lat' dir='ltr'>cum</span> <span class='ocrx_word' id='word_1_247' title='bbox 1099 4147 1224 4199; x_wconf 88' lang='lat' dir='ltr'>Muellero</span> <span class='ocrx_word' id='word_1_248' title='bbox 1243 4149 1320 4216; x_wconf 74' lang='lat' dir='ltr'>„qni-</span> 
     </span>
     <span class='ocr_line' id='line_1_31' title="bbox 194 4239 1321 4307; baseline -0.002 -16"><span class='ocrx_word' id='word_1_249' title='bbox 194 4242 302 4292; x_wconf 85' lang='lat' dir='ltr'>bnsdmn</span> <span class='ocrx_word' id='word_1_250' title='bbox 332 4243 456 4292; x_wconf 83' lang='lat' dir='ltr'>monstris</span> <span class='ocrx_word' id='word_1_251' title='bbox 480 4243 679 4306; x_wconf 83' lang='lat' dir='ltr'>metuendisque</span> <span class='ocrx_word' id='word_1_252' title='bbox 695 4241 788 4293; x_wconf 66' lang='lat' dir='ltr'>rebus*</span> <span class='ocrx_word' id='word_1_253' title='bbox 806 4243 851 4307; x_wconf 82' lang='lat' dir='ltr'>(cf.</span> <span class='ocrx_word' id='word_1_254' title='bbox 869 4240 915 4291; x_wconf 90' lang='lat' dir='ltr'>Ov.</span> <span class='ocrx_word' id='word_1_255' title='bbox 934 4241 993 4291; x_wconf 84' lang='lat' dir='ltr'>Met.</span> <span class='ocrx_word' id='word_1_256' title='bbox 1012 4241 1057 4291; x_wconf 89' lang='lat' dir='ltr'>XV</span> <span class='ocrx_word' id='word_1_257' title='bbox 1074 4239 1127 4305; x_wconf 79' lang='lat' dir='ltr'>m),</span> <span class='ocrx_word' id='word_1_258' title='bbox 1145 4245 1190 4289; x_wconf 86' lang='lat' dir='ltr'>aut</span> <span class='ocrx_word' id='word_1_259' title='bbox 1209 4241 1321 4304; x_wconf 89' lang='lat' dir='ltr'>denique</span> 
     </span>
    </p>
   </div>
   <div class='ocr_carea' id='block_1_6' title="bbox 193 4330 1282 4472">
    <p class='ocr_par' dir='ltr' id='par_1_9' title="bbox 193 4330 1282 4472">
     <span class='ocr_line' id='line_1_32' title="bbox 193 4330 1282 4400; baseline -0.002 -17"><span class='ocrx_word' id='word_1_260' title='bbox 193 4349 258 4384; x_wconf 88' lang='lat' dir='ltr'>crux</span> <span class='ocrx_word' id='word_1_261' title='bbox 278 4334 424 4383; x_wconf 81' lang='lat' dir='ltr'>collocanda</span> <span class='ocrx_word' id='word_1_262' title='bbox 443 4338 504 4384; x_wconf 86' lang='lat' dir='ltr'>ante</span> <span class='ocrx_word' id='word_1_263' title='bbox 523 4333 646 4400; x_wconf 87' lang='lat' dir='ltr'>„multis”</span> <span class='ocrx_word' id='word_1_264' title='bbox 664 4334 721 4399; x_wconf 90' lang='lat' dir='ltr'>(pro</span> <span class='ocrx_word' id='word_1_265' title='bbox 738 4348 790 4398; x_wconf 86' lang='lat' dir='ltr'>qua</span> <span class='ocrx_word' id='word_1_266' title='bbox 810 4348 868 4383; x_wconf 89' lang='lat' dir='ltr'>voce</span> <span class='ocrx_word' id='word_1_267' title='bbox 886 4333 1029 4383; x_wconf 85' lang='lat' dir='ltr'>Mommsen</span> <span class='ocrx_word' id='word_1_268' title='bbox 1048 4347 1120 4396; x_wconf 84' lang='lat' dir='ltr'>prop.</span> <span class='ocrx_word' id='word_1_269' title='bbox 1139 4330 1282 4398; x_wconf 81' lang='lat' dir='ltr'>„invisis&#39;’).</span> 
     </span>
     <span class='ocr_line' id='line_1_33' title="bbox 1204 4422 1221 4472; baseline 0 0"><span class='ocrx_word' id='word_1_270' title='bbox 1204 4422 1221 4472; x_wconf 72' lang='lat'><strong>2</strong></span> 
     </span>
    </p>
   </div>
   <div class='ocr_carea' id='block_1_7' title="bbox 0 0 1649 5192">
    <p class='ocr_par' dir='ltr' id='par_1_10' title="bbox 0 0 1649 5192">
     <span class='ocr_line' id='line_1_34' title="bbox 0 0 1649 5192; baseline 0 0"><span class='ocrx_word' id='word_1_271' title='bbox 0 0 1649 5192; x_wconf 95' lang='lat' dir='ltr'> </span> 
     </span>
    </p>
   </div>
  </div>
 </body>
</html>
