3274 5192
728 644 771 706 43

186 829 297 893 dabam
324 831 376 896 vel
398 829 679 914 reprehendebam,
702 850 767 894 non
792 833 991 915 argumentis
1013 831 1124 896 solidis
1143 831 1309 914 firmisque

184 963 254 1007 eam
289 945 416 1008 laudem
451 945 774 1028 reprehensionemve
797 944 965 1009 defendere
989 965 1062 1009 sum
1086 950 1229 1028 conatus,
1252 947 1309 1010 sed

186 1060 262 1143 quid
286 1059 457 1144 eleganter,
480 1060 557 1143 quid
582 1061 689 1143 inepte
712 1060 832 1122 dictum
857 1066 950 1142 esset,
974 1061 1198 1143 sentirimagis
1212 1079 1308 1144 quam

185 1181 271 1239 certo
308 1176 521 1239 demonstrari
555 1193 650 1258 posse
685 1174 873 1258 significavi.
904 1174 994 1238 Idem
1030 1175 1220 1257 plerumque
1243 1174 1309 1237 fere

186 1289 357 1353 dicendum
382 1295 432 1354 est
451 1290 508 1372 illi,
533 1291 590 1373 qui
614 1289 753 1371 aliquem
779 1287 896 1352 librum
911 1308 975 1351 ncn
989 1287 1029 1351 ab
1042 1307 1079 1352 eo
1093 1289 1307 1372 conscriptum

185 1422 264 1485 esse,
287 1405 382 1468 cuius
405 1422 523 1467 nomen
542 1409 641 1487 gerat,
661 1403 831 1467 contendit.
848 1404 1047 1486 Argumenta
1060 1404 1145 1466 enim
1160 1404 1187 1466 is
1200 1403 1309 1467 afferet

184 1522 240 1581 aut
262 1536 365 1600 pauca
389 1523 445 1582 aut
470 1517 579 1598 multa,
604 1518 659 1582 sed
683 1524 752 1580 tum
777 1517 905 1580 demum
927 1518 967 1580 iis
987 1517 1176 1600 colligendis
1196 1536 1308 1601 propc-

183 1631 363 1723 nendisque
395 1650 523 1714 operam
557 1630 653 1712 dabit,
678 1631 732 1694 ubi
757 1649 850 1694 aures
875 1631 1068 1715 pulchrique
1093 1649 1209 1695 sensus
1233 1650 1307 1695 eum

182 1745 420 1809 admonuerunt
433 1745 637 1809 subdititium
650 1764 720 1808 esse
733 1745 862 1826 librum,
874 1745 913 1808 de
928 1765 992 1829 quo
1005 1747 1112 1829 agitur
1125 1795 1130 1808 .
1144 1796 1151 1810 .
1165 1794 1171 1808 .
1186 1795 1192 1809 .
1207 1745 1307 1809 Oredc

183 1859 268 1922 enim
304 1859 473 1943 plerosque
507 1860 641 1924 idoneos
672 1860 711 1923 de
735 1859 893 1924 eiusmodi
916 1859 1013 1924 rebus
1037 1861 1170 1943 iudices,
1194 1860 1250 1924 ubi
1275 1862 1308 1923 in

183 1973 383 2056 perlegendis
418 1972 643 2057 Xenophontis
677 1973 768 2037 libris
804 1973 844 2037 ad
878 1973 1066 2057 Agesilaum
1093 1975 1334 2058 pervenerint„

184 2106 257 2151 cum
296 2088 435 2172 quadam
470 2088 691 2172 indignatione
714 2089 814 2152 istum
838 2087 984 2152 libellum
1008 2108 1025 2153 e
1051 2088 1200 2153 manibus
1224 2088 1307 2154 abie-

186 2203 276 2284 cisse,
308 2221 485 2286 secumque
508 2204 552 2266 110
575 2221 646 2267 0000
670 2203 810 2266 locutos:
839 2205 932 2286 ,quis
956 2223 1020 2266 non
1046 2204 1199 2268 sentit
1223 2205 1307 2268 eius·

186 2317 273 2380 modi
297 2319 433 2400 ineptias
456 2309 672 2401 Xenophonte
695 2317 844 2400 indignas
868 2316 1013 2390 essei''''
1038 2336 1063 2381 e.
1078 2320 1189 2401 q.s.1).

228 2429 367 2512 Etenim,
402 2437 438 2494 ut
475 2436 542 2511 ,est
572 2433 727 2514 ineptum,
758 2433 956 2515 argumentis
986 2431 1204 2495 demonstrare
1227 2431 1309 2495 velle

185 2564 282 2628 quam
319 2546 446 2628 egregio
481 2545 599 2628 aliquis
634 2547 770 2628 scriptor
804 2563 951 2609 sermone
982 2542 1158 2628 010101”1),
1190 2547 1309 2629 quippe

184 2658 271 2742 quod
306 2660 484 2723 sentiri
521 2664 647 2723 tantum
683 2661 793 2749 possit,
824 2679 889 2723 non
921 2678 996 2722 vero
1021 2660 1108 2740 disci,
1131 2661 1175 2722 ita
1197 2660 1307 2723 irritus

183 2771 249 2836 fere
273 2791 343 2836 mea
367 2772 496 2855 quidem
522 2774 672 2857 opinione
697 2774 789 2837 cadat
812 2792 944 2838 necesse
968 2778 1016 2837 est
1038 2772 1128 2836 labor
1151 2773 1221 2837 eius
1244 2773 1308 2835 riri

183 2886 221 2967 d.,
256 2887 314 2970 qui
347 2886 474 2951 studeat
509 2889 619 2951 multis
655 2888 759 2951 allatis
795 2889 950 2972 exemplis
987 2887 1189 2971 singulisque
1220 2888 1307 2951 vitiis

182 3005 335 3083 tanquam
367 3000 407 3063 ad
439 3001 550 3064 oculos
580 3001 782 3065 demonstare
806 3000 987 3077 lectoribus,
1011 3003 1184 3065 invenusto
1208 3001 1306 3085 inele-

213 3298 242 3364 1)
258 3301 289 3349 111
307 3301 474 3350 annotatione
491 3299 651 3350 mentionem
669 3299 765 3350 inicere
784 3301 846 3350 lihet
866 3301 954 3352 iudicii
973 3301 1022 3350 viri
1040 3301 1209 3351 eruditissimi
1227 3301 1306 3350 Vos·

182 3405 278 3440 maer
297 3391 436 3456 (Amazone
454 3388 570 3456 ρ.169);
588 3391 663 3457 ,Men
682 3397 751 3441 mcet
769 3393 794 3441 al
811 3392 906 3442 ruiken
925 3393 952 3442 01
968 3392 1017 3442 1010
1036 3393 1095 3442 echt
1115 3393 1136 3442 is
1152 3391 1307 3442 ofniet.”-

181 3480 272 3540 Quivis
290 3487 379 3531 autem
398 3482 524 3548 intellegit
540 3483 639 3546 opinor,
655 3488 709 3532 toto
727 3485 795 3534 coelo
814 3485 881 3534 hanc
897 3485 998 3536 critices
1014 3486 1169 3535 exercendae
1178 3485 1305 3535 rationem

180 3574 275 3624 distare
292 3574 324 3624 ab
342 3575 488 3624 inconsulta
505 3575 652 3625 temeritate
670 3577 785 3626 virorum
804 3578 990 3627 nonnullorum
1000 3577 1049 3642 du,
1058 3592 1171 3641 quorum
1182 3582 1307 3642 tanquam

180 3666 329 3729 exemplum
348 3667 390 3716 hic
408 3667 499 3717 afferre
516 3667 579 3717 libet
598 3668 684 3717 virum
702 3668 726 3720 d.
744 3668 787 3718 Gr
798 3684 907 3733 uppe,
925 3669 970 3733 qui
989 3674 1125 3733 postquam
1143 3684 1236 3734 magna
1246 3685 1308 3720 voce

180 3759 309 3820 protessus
335 3762 389 3807 erat
416 3758 455 3822 (in
482 3757 547 3808 libro
573 3760 662 3809 1101100.
687 3759 845 3826 ,,Α11011110”)
864 3775 891 3810 00
910 3761 974 3827 ,mit
991 3761 1055 3809 aller
1073 3760 1219 3810 Sicherheit
1236 3762 1308 3810 einer

179 3848 384 3898 unmittelbaren
411 3849 504 3898 innern
525 3850 717 3916 Auschauung”
737 3851 895 3915 perspexisse
914 3851 994 3901 Rhesi
1013 3851 1169 3916 tragoediam
1188 3865 1243 3902 esse
1261 3851 1307 3902 So-

178 3940 283 4004 phoclis,
309 3940 470 4005 Iphigeniam
498 3942 647 4006 AgathcniS,
673 3943 787 3992 sahulem
813 3948 901 3993 autem
928 3947 974 3991 τῶν
999 3941 1084 3991 “Em
1109 3943 1170 3992 clim
1190 3943 1302 3992 mediam

178 4033 256 4082 fuisse
283 4037 383 4095 partem
407 4032 523 4098 trilcgiae
542 4049 609 4098 quae
626 4035 656 4083 ad
676 4033 803 4098 Oedipum
824 4037 971 4100 pertineret,
991 4035 1084 4085 misere
1101 4036 1232 4099 vapulavit
1251 4050 1307 4084 ma-

178 4123 323 4188 nifesteque
347 4124 479 4174 convictus
506 4130 544 4174 est
562 4126 774 4188 gravissimorum
792 4141 910 4176 errorum
929 4127 956 4176 in
975 4127 1037 4190 ipsis
1060 4127 1117 4177 istis
1136 4128 1222 4186 10100,
1241 4142 1307 4192 quas

176 4216 320 4266 certissimo
347 4231 439 4280 nempe
466 4231 544 4267 sensu
570 4217 615 4266 illo
641 4218 736 4268 ductus
750 4220 880 4283 interiore,
900 4219 1058 4270 intellexisse
1076 4221 1124 4270 sihi
1142 4224 1209 4270 esset
1228 4221 1308 4270 visus·

180 4307 233 4359 Vid.
251 4324 275 4358 v.
293 4308 324 4358 cl.
342 4324 365 4358 v.
384 4308 447 4358 Lee
459 4325 475 4358 u
487 4324 576 4376 wen,
595 4309 694 4360 Comm.
713 4311 744 4360 de
762 4311 801 4361 Αἰ.
820 4310 897 4375 Soph.
915 4312 988 4362 auth.
1007 4318 1033 4362 et
1050 4314 1142 4378 integr.
1163 4329 1186 4378 p.
1207 4311 1231 4363 9.

127 4471 129 4476 Ι
210 4398 237 4464 a)
256 4399 325 4450 Sunt
342 4400 418 4450 verba
435 4416 458 4452 v.
475 4402 506 4452 cl.
526 4401 717 4469 Hartman,
736 4402 767 4452 de
784 4403 818 4454 M.
836 4404 920 4454 Tullio
937 4404 1058 4455 Cicerone
1076 4404 1141 4456 1893
1160 4421 1183 4469 p.
1205 4404 1246 4456 25.
