3288 5186
757 651 797 712 73

206 878 347 942 cumque
380 864 436 922 aut
471 864 574 924 aetate
608 865 664 924 aut
695 860 880 925 valetudine
903 865 995 940 esset,
1018 878 1082 922 non
1107 878 1141 923 se
1165 859 1204 923 de
1227 858 1332 922 salute

206 992 277 1037 mea
300 974 490 1052 sententiam
515 973 622 1038 ferre?
647 974 776 1056 quando
797 978 917 1037 tantam
938 972 1151 1055 frequentiam
1165 973 1199 1034 in
1212 990 1333 1055 campo,
1356 1057 1357 1061 Ἰ

206 1091 332 1152 tantum
374 1087 583 1170 splendorum
625 1087 735 1151 Italiae
778 1089 877 1151 totius
919 1087 1135 1169 ordinumque
1177 1087 1333 1168 omnium,

208 1201 337 1283 quando
368 1200 424 1264 illa
455 1201 609 1284 dignitate
643 1208 814 1284 rogatores,
846 1200 1025 1264 diribitores
1049 1199 1263 1282 custodesque
1288 1201 1333 1261 vi·

207 1315 324 1381 distis?
361 1341 407 1357 w
441 1313 506 1380 Pis.
533 1316 573 1377 36
599 1333 640 1378 ex
667 1314 758 1378 vobis
781 1315 878 1378 audio
902 1315 1025 1377 nemini
1048 1314 1110 1376 civi
1136 1312 1243 1394 ullam,
1267 1332 1331 1395 quo

207 1429 316 1491 minus
350 1427 485 1508 adesset,
509 1429 587 1510 satis
610 1429 727 1491 iustam
752 1428 993 1492 excusationem
1018 1445 1089 1512 esse
1113 1429 1234 1506 visam;
1258 1427 1332 1490 nnl-

207 1541 247 1604 lis
278 1543 417 1605 comitiis
441 1561 594 1624 umquam
621 1560 728 1624 neque
752 1542 993 1605 multitudinem
1017 1541 1184 1604 hominum
1210 1547 1330 1604 tantam

207 1673 313 1738 neque
347 1655 547 1739 splendorem
584 1655 701 1734 fuisse,
739 1656 798 1718 boc
833 1664 918 1719 certe
951 1655 1052 1736 video,
1077 1654 1163 1736 quod
1188 1653 1331 1718 indicant

207 1768 335 1832 tabulae
358 1768 513 1852 publicae,
538 1789 594 1833 vos
618 1773 789 1852 rogatores,
814 1789 871 1832 vos
896 1768 1086 1850 diribitores,
1106 1743 1164 1832 ¹vos
1183 1768 1331 1833 custodes

206 1881 306 1947 fuisse
329 1881 511 1947 tabularum
537 1902 564 1949 e.
579 1903 609 1966 q.
623 1903 649 1949 s.

251 2000 270 2075 5
305 1998 346 2060 32
371 1995 568 2061 Nominatim
594 1996 648 2060 alii
672 1996 955 2080 compellebantur,
978 1997 1032 2059 alii
1056 1995 1327 2062 citabantur....

208 2111 413 2175 demolitione
448 2110 565 2174 sublati
599 2135 649 2152 vv
683 2109 766 2175 Sest.
802 2113 842 2173 35
876 2130 1038 2175 cum....
1062 2110 1116 2174 alii
1141 2110 1330 2172 nominatim
1422 2179 1425 2184 ,

208 2223 435 2307 relegarentur,
466 2225 521 2288 alii
553 2231 641 2289 metu
665 2229 696 2289 et
719 2224 862 2308 periculo
886 2228 1090 2305 terrerentur,
1113 2242 1201 2286 arma
1225 2227 1332 2286 essent

207 2337 240 2398 in
265 2337 403 2420 templis,
425 2339 540 2401 armati
564 2339 597 2400 in
621 2337 758 2400 foro...

252 2452 270 2534 b
305 2453 347 2515 33
383 2452 586 2516 simulatione
616 2452 823 2535 collegiorum
851 2474 897 2489 Ν
922 2448 1001 2513 Sest.
1027 2450 1069 2512 34
1093 2468 1260 2513 servorum
1284 2448 1331 2512 di-

207 2565 311 2629 lectus
336 2564 512 2630 habebatur
534 2585 591 2649 pro
615 2564 769 2629 tribunali
794 2564 928 2628 Aurelio
952 2564 1082 2626 nomine
1103 2562 1330 2646 collegiorum

208 2676 247 2743 cf.
283 2676 362 2742 Sest.
398 2680 457 2757 55;
494 2679 558 2743 Pis.
597 2680 616 2742 9
646 2678 780 2761 collegia
804 2697 869 2740 non
893 2696 930 2741 ea
954 2677 1069 2758 solum,
1093 2695 1176 2759 quae
1199 2681 1331 2739 senatus

208 2791 391 2874 sustulerat,
424 2794 580 2873 restituta,
615 2793 672 2856 sed
706 2789 956 2855 innumerabilia
988 2789 1146 2873 quaedam
1178 2808 1262 2852 nova
1286 2807 1331 2853 ex

105 2980 108 2985 Ι
208 2907 295 2967 omni
318 2904 405 2970 faece
429 2906 519 2970 urbis
542 2926 578 2970 ac
603 2908 734 2971 servitio
758 2907 933 2985 concitata;

251 3019 270 3100 ξ
306 3021 347 3082 33
382 3019 437 3084 sed
473 3019 701 3084 videbam...
736 3022 762 3084 si
798 3021 902 3083 victus
937 3037 1126 3083 essem...
1151 3018 1332 3082 tribunicii-

155 3162 162 3176 ·
209 3151 271 3214 que
293 3134 461 3216 sanguinis
486 3133 605 3220 ultores
629 3152 699 3197 esse
722 3135 899 3217 praesentis
922 3158 971 3175 Ν
994 3130 1073 3196 Sest
1097 3133 1140 3194 43
1165 3130 1224 3195 Oui
1244 3132 1331 3195 deni-

211 3241 272 3327 que
307 3252 373 3309 erat
408 3246 542 3310 dubium
569 3248 648 3329 quin
672 3247 726 3310 ille
750 3249 884 3330 sanguis
909 3247 1113 3328 tribuniciuS,
1132 3245 1221 3310 nullo
1243 3264 1332 3328 prae·

129 3350 141 3398 ’·
209 3361 316 3423 sertim
352 3360 480 3443 publico
505 3361 638 3424 consilio
661 3361 823 3444 profusus,
847 3362 996 3426 consules
1023 3361 1143 3424 ultores
1168 3364 1199 3424 et
1222 3357 1330 3423 defen-

209 3491 295 3538 sores
319 3479 403 3538 esset
426 3475 619 3539 habiturus?
741 3499 747 3518 ν

490 3709 531 3773 ΙΙ.
577 3709 653 3774 Post
676 3711 811 3775 reditum
833 3710 878 3774 ud
903 3709 1050 3792 Quirites.

253 3896 410 3961 Markl.
444 3918 473 3982 p.
506 3899 588 3962 261:
617 3898 710 3985 „This
737 3898 868 3964 Oration
893 3919 997 3965 seems
1020 3905 1052 3963 to
1076 3899 1116 3964 be
1138 3900 1220 3963 little
1239 3881 1332 3963 more

208 4009 283 4073 than
317 4030 358 4074 an
393 4010 624 4094 Abridgement
660 4012 694 4076 of
722 4013 939 4093 the-formem
964 4014 1026 4076 and
1051 4015 1105 4078 the
1129 4013 1229 4076 worth
1254 4011 1288 4075 of
1307 4014 1332 4076 it

208 4123 323 4205 chiefly
347 4125 484 4189 consists
507 4127 541 4187 in
565 4127 606 4188 its
629 4124 859 4191 Resemblance
883 4132 915 4190 to
936 4127 1020 4189 that:
1034 4126 1084 4190 for
1096 4126 1149 4190 the
1159 4113 1332 4208 Thoughts,

208 4237 430 4323 Expressions,
453 4241 517 4303 and
541 4239 716 4324 Examples
736 4260 798 4322 are,
817 4240 865 4304 for
886 4241 938 4304 the
960 4249 1043 4304 most
1055 4246 1133 4324 part,
1146 4241 1199 4304 the
1211 4239 1331 4305 same.”

208 4351 246 4414 of.
269 4351 449 4417 Gesner
471 4373 500 4437 p.
523 4355 647 4437 241sq.
674 4391 714 4401 -
739 4352 939 4436 Schanz,
964 4352 1080 4418 Gesch.
1104 4353 1133 4416 d.
1157 4364 1236 4419 rom.
1258 4351 1331 4417 Litt.
