3274 5192
764 695 783 758 3

210 884 339 965 optimis
375 884 473 948 huius
506 885 633 968 generis
667 884 898 968 speciminibus
929 884 1150 948 numerandus
1175 888 1334 966 censetur,

208 996 305 1079 paulo
338 996 443 1060 fusius
480 997 574 1061 nobis
609 1000 669 1062 erit
704 999 874 1081 agendum,
910 1001 1060 1083 quoniam
1098 1004 1147 1063 est
1177 1003 1331 1082 tanquam

207 1109 452 1175 fundamentum
486 1112 601 1195 longae
637 1112 727 1176 illius
758 1113 852 1176 seriei
875 1115 1191 1194 commentationum,
1216 1112 1332 1176 disser-

207 1225 365 1288 tationum
401 1225 650 1309 libellorumque
685 1229 742 1310 qui
776 1231 807 1290 et
841 1227 900 1289 boc
936 1232 966 1291 et
997 1229 1103 1311 priore
1135 1227 1263 1291 saeculo
1294 1227 1333 1291 de

208 1343 317 1402 nostro
340 1346 530 1422 argumento
554 1340 618 1404 sint
642 1341 819 1424 compositi,
843 1359 1047 1423 quorumque
1070 1342 1240 1423 primarios
1262 1340 1332 1405 bre·

208 1452 291 1515 viter
315 1453 374 1515 hoc
397 1454 500 1536 capite
524 1453 704 1517 recensebo.

252 1563 285 1627 M
298 1586 315 1629 a
328 1586 344 1628 r
355 1566 376 1628 lt
389 1567 400 1629 l
413 1587 432 1630 a
444 1587 465 1629 n
479 1567 499 1630 d
513 1588 532 1630 u
548 1588 562 1630 s
587 1568 696 1651 igitur,
716 1568 767 1630 vir
788 1569 983 1651 conspicuus
1003 1571 1034 1631 et
1046 1569 1196 1632 maximis
1209 1569 1332 1651 ingenii

208 1677 345 1758 dotibus,
381 1679 500 1762 quibus
535 1681 596 1744 rite
631 1700 667 1744 ac
690 1681 832 1764 legitime
856 1700 936 1744 usus
961 1700 1109 1765 magnam
1134 1682 1262 1745 literum
1286 1682 1333 1744 rei

207 1792 354 1874 publicae
389 1794 497 1858 attulit
532 1795 702 1871 utilitatem
716 1797 748 1876 1),
779 1799 810 1859 et
834 1794 939 1859 hercle
964 1795 1196 1860 humanissima
1218 1795 1331 1859 libera-

207 1906 329 1970 lissima
360 1909 459 1971 animi
483 1909 591 1973 indole
605 1909 627 1990 Β)
652 1912 760 1993 (quam
785 1909 1034 1993 experiebantur
1057 1912 1080 1972 ii
1105 1931 1186 1994 quos
1211 1929 1333 1995 pauper

207 2023 275 2104 ipse
311 2025 454 2085 nummis
489 2022 709 2103 sustentabat),
740 2041 797 2105 per
826 2027 928 2087 totum
953 2022 1071 2086 librum
1096 2025 1275 2106 genuinum
1298 2043 1332 2088 se

207 2142 346 2217 praestat
375 2137 529 2221 Anglum,
554 2139 672 2220 quippe
696 2138 753 2220 qui
777 2135 926 2201 Oriticam
950 2137 1071 2220 factitet
1095 2158 1157 2201 non
1183 2142 1247 2201 tam
1272 2138 1333 2200 in-

205 2252 344 2331 genio
380 2251 496 2314 ductus
521 2288 562 2298 -
587 2251 619 2314 id
651 2251 740 2334 quod
771 2253 804 2314 in
830 2251 1062 2314 Germanorum
1088 2256 1186 2334 atque
1210 2258 1332 2314 nostra·

206 2365 286 2427 tium
323 2367 426 2447 magis
462 2365 574 2429 cadere
609 2365 757 2429 videatur
791 2365 930 2428 indolem
956 2403 996 2411 —
1022 2386 1117 2448 quam
1142 2366 1332 2429 ratione

208 2483 255 2558 (ut
290 2478 419 2542 disertis
454 2482 526 2542 utar
556 2478 662 2542 verbis
687 2480 748 2541 viri
771 2478 815 2541 ill.
839 2477 1131 2560 Wyttenbacbssl);
1156 2497 1220 2541 non
1245 2479 1330 2541 enim

211 2621 354 2628 ——-

240 2699 265 2764 l)
292 2700 433 2763 Praecipua
459 2700 516 2749 eius
533 2715 610 2763 opera
627 2704 690 2750 sunt
707 2701 782 2750 haec:
800 2700 814 2750 l
835 2701 915 2764 Epist.
934 2701 1023 2751 critica
1040 2701 1139 2752 ad....
1158 2701 1246 2752 l'ranc.
1267 2701 1332 2750 liare

207 2791 234 2840 in
261 2806 313 2855 qua
340 2792 439 2841 Horatii
466 2793 520 2841 loca
547 2792 645 2856 aliquot
670 2797 695 2842 et
722 2793 833 2842 aliorum
860 2798 978 2843 veterum
1004 2793 1179 2842 emendantur
1203 2791 1284 2860 1723,
1317 2792 1333 2841 2

206 2883 281 2933 Statii
299 2883 381 2933 Silvas
398 2884 477 2934 edidit
494 2883 576 2948 tta&
594 2883 610 2934 3
628 2884 795 2935 Coniecturae
812 2885 843 2934 ad
860 2885 961 2950 Taylori
980 2885 1024 2935 Ed.
1042 2885 1130 2951 Lysiae
1148 2884 1229 2949 17383
1247 2884 1263 2933 5
1281 2885 1332 2935 Ad·

207 2980 287 3025 notat.
313 2976 340 3025 in
369 2976 463 3025 Davisii
487 2977 555 3026 Max.
573 2975 733 3042 Tyr.1740;
751 2977 767 3025 5
785 2977 913 3027 Remarlrs
931 2982 988 3040 etc,
1006 2978 1056 3027 vid.
1074 2977 1157 3041 Supra
1175 2993 1199 3040 p.
1218 2977 1250 3041 2,
1267 2976 1284 3027 6
1301 2979 1332 3026 de

207 3067 363 3117 Graecorum
389 3066 420 3116 ba
446 3068 616 3118 declinatione
642 3069 833 3134 imparisyllaba
857 3067 940 3133 17603
967 3068 981 3118 7
1009 3070 1140 3133 Euripidis
1157 3071 1246 3119 drama
1264 3069 1332 3134 Sup-

209 3158 285 3220 plices
303 3157 425 3208 Mulieres
441 3156 524 3219 1763;
541 3158 557 3207 8
578 3159 708 3224 Euripidis
725 3161 842 3210 dramata
860 3160 993 3226 Iphigenia
1011 3161 1037 3209 in
1058 3161 1170 3211 Tauride
1186 3167 1212 3211 et
1231 3162 1287 3225 lph.
1304 3163 1331 3211 in

208 3250 267 3299 Aul.
283 3248 367 3313 1771,
384 3248 400 3298 9
418 3250 488 3299 varia
506 3251 601 3314 scripta
619 3251 728 3300 minora.

241 3342 267 3405 t)
289 3342 324 3392 lle
342 3341 495 3392 Marklando
513 3342 640 3391 adeantur
657 3341 683 3392 S.
700 3341 743 3392 W.
762 3342 856 3391 Sutton
874 3343 899 3391 in
920 3342 984 3392 Dict.
1001 3343 1029 3391 ol
1049 3341 1105 3394 Nat.
1125 3343 1208 3407 Bicgr.
1226 3343 1332 3392 XXXVI

206 3431 290 3496 1893;
318 3434 432 3496 Nichols‚
460 3435 574 3499 literary
600 3435 695 3484 Anecd.
722 3435 755 3483 IV
779 3433 828 3483 att
838 3449 894 3499 sqq.
912 3435 969 3499 (qui
988 3434 1132 3484 Marklandi
1150 3435 1255 3485 exhibet
1272 3434 1331 3484 effiss

206 3525 293 3590 giem).
313 3526 396 3575 Natus
413 3531 452 3575 est
469 3523 551 3588 1693,
569 3524 735 3575 1710-1717
754 3525 933 3590 cantabrigiae
950 3527 1086 3575 literarum
1105 3527 1191 3576 studio
1211 3527 1255 3576 dat
1272 3542 1332 3591 ope-

207 3632 280 3684 ram;
307 3618 367 3668 inde
392 3619 425 3668 ab
453 3618 494 3669 Al.
511 3616 578 3667 1728
595 3623 634 3668 est
650 3623 798 3682 praeceptor
816 3618 948 3681 privatus;
967 3618 993 3666 in
1012 3618 1044 3667 de
1061 3618 1093 3667 ab
1112 3618 1154 3668 aa
1173 3617 1240 3666 1752
1259 3623 1332 3668 tran-

208 3710 287 3772 quille
304 3709 368 3759 vivit
386 3710 413 3758 in
432 3709 522 3760 Milton
542 3709 622 3760 Court
640 3709 749 3776 („living
767 3709 793 3758 in
811 3714 882 3774 great
892 3707 1030 3774 privacy'’t.
1040 3710 1102 3758 Erat
1111 3709 1333 3759 modestissimus:

208 3801 262 3867 „lle
279 3802 354 3852 twice
371 3802 485 3851 declined
503 3807 530 3851 to
547 3802 609 3851 oller
627 3802 734 3852 himself
747 3801 941 3852 asacandidate
951 3802 990 3851 lor
1000 3801 1044 3851 the
1053 3801 1136 3851 Greek
1146 3801 1332 3866 professorsbip

208 3897 234 3940 at
251 3891 436 3958 Cambridge”;
455 3897 481 3942 et
499 3893 710 3944 liberalissimus:
731 3893 844 3960 „despite
861 3893 902 3942 bis
919 3908 1021 3942 narrow
1041 3907 1129 3943 means
1148 3893 1180 3941 he
1200 3907 1254 3942 was
1271 3908 1332 3960 very

207 3982 347 4033 charitable
371 3989 396 4034 to
414 3984 458 4033 the
481 3983 558 4047 poor’'
578 3998 664 4046 e.q.s.
683 3983 753 4034 Obiit
771 3983 813 4033 nt
833 3981 904 4032 1776.

241 4072 268 4136 3)
303 4071 487 4142 Wyttenbach,
515 4092 538 4126 v.
565 4076 707 4126 Ruhnken.
735 4075 792 4139 (Ed.
819 4076 945 4139 Bergman
973 4073 1050 4135 1824)
1076 4089 1100 4138 p.
1127 4073 1224 4139 attsq.
1249 4073 1330 4124 Cuius

207 4165 301 4216 iudicio
326 4166 618 4217 honorificentissimum
636 4167 776 4232 adiungere
793 4167 854 4216 libet
872 4166 1041 4216 illustrissimi
1059 4166 1090 4215 de
1108 4165 1259 4215 Marklando
1279 4172 1331 4215 tes-

207 4257 347 4306 timonium
373 4258 431 4321 viri,
458 4258 669 4321 Peerlkampium
696 4258 759 4324 dico,
787 4258 832 4320 qui
861 4258 887 4306 iu
908 4257 990 4307 Praei.
1008 4258 1038 4306 ad
1058 4257 1118 4306 Hor.
1136 4256 1222 4307 Carm.
1242 4272 1266 4321 p.
1284 4257 1331 4306 Vll

207 4348 269 4398 haec
295 4349 415 4399 exhibet:
444 4350 637 4416 „Marklandus,
664 4351 739 4400 cuius
764 4349 918 4413 doctrinam,
944 4348 1067 4399 indicium
1094 4354 1119 4398 et
1137 4349 1285 4398 felicitatem
1304 4350 1331 4398 in

204 4439 365 4488 restituenda
393 4445 511 4489 veterum
535 4441 691 4504 scriptorum
711 4455 799 4503 manu,
819 4439 970 4489 modestiam
989 4441 1069 4489 animi
1087 4444 1113 4489 et
1133 4441 1268 4490 veritatem
1286 4440 1331 4489 ad·
