3274 5192
844 553 862 614 (1

286 737 422 803 flumine
456 737 585 823 publico
623 743 687 802 tam
712 740 843 823 vulgata
867 738 1017 803 omnibus
1043 758 1139 822 quam
1164 739 1259 803 istius
1283 744 1414 803 aetas
1543 755 1547 761 ·

286 850 394 916 fuit?’'
419 857 567 917 annotat:
595 852 666 934 „By
690 858 821 917 aetas
845 853 885 917 he
908 852 1063 936 probably
1088 857 1196 916 meant
1221 852 1330 916 Youth
1345 900 1351 915 .
1365 900 1371 915 .
1385 901 1412 916 ..

287 965 353 1030 But
383 965 399 1028 I
423 967 503 1030 have
526 973 582 1030 not
606 971 670 1030 met
692 967 769 1030 with
795 986 858 1046 any
881 967 1027 1030 instance
1051 965 1085 1029 oi
1105 966 1159 1030 the
1182 965 1302 1049 Simple
1326 966 1413 1029 word

287 1081 320 1142 in
356 1080 424 1144 that
448 1079 700 1163 signification”;
728 1099 801 1143 oum
825 1084 931 1143 tamen
952 1079 1091 1162 legimus
1115 1081 1148 1142 in
1172 1081 1242 1143 Act.
1266 1078 1299 1142 ΙΙ
1323 1079 1413 1142 Verr.

288 1192 320 1281 I.
350 1194 368 1275 ξ
405 1195 464 1256 33:
505 1194 650 1275 „damna
685 1194 849 1275 dedecora,
875 1212 958 1277 quae
981 1212 1032 1258 res
1055 1195 1154 1278 patris
1178 1195 1257 1275 eius„
1282 1200 1412 1258 aetas

288 1307 392 1389 ipsius
417 1307 558 1390 pertulit„
582 1305 862 1391 praetereantur’';

334 1441 362 1504 p.
398 1420 461 1483 246
498 1421 538 1484 ad
573 1422 606 1484 in
639 1421 758 1486 Senatu
790 1422 809 1503 ἕ
835 1422 874 1483 12
903 1440 995 1502 „cum
1020 1425 1094 1503 toga
1119 1426 1292 1506 praetexta„
1316 1441 1412 1505 quam

289 1553 400 1598 omnes
435 1540 597 1618 praetores
634 1535 818 1619 aedilesque
850 1542 918 1598 tum
943 1533 1145 1599 abiecerant”
1170 1538 1317 1599 annotat:
1345 1534 1415 1616 „He

290 1649 391 1732 might
427 1649 507 1713 bave
538 1649 640 1713 added
664 1650 718 1713 the
742 1648 914 1725 Quaestors
939 1647 1022 1730 too„''
1048 1667 1143 1732 quem
1168 1649 1274 1712 iocum
1299 1650 1414 1712 intem-

289 1764 449 1846 pestivum
496 1762 614 1826 refellit
648 1761 771 1827 Gesner
804 1783 832 1846 p.
870 1763 932 1825 237
972 1762 1110 1843 „aediles
1145 1781 1219 1825 oum
1256 1762 1414 1826 aedilitate

291 1875 421 1939 demum
456 1876 678 1959 adipiscuntur
708 1878 760 1940 ius
795 1880 988 1960 praetextae„
1024 1880 1209 1959 quaestores
1243 1876 1325 1939 illud
1349 1895 1413 1938 non

291 1989 426 2054 babent:
452 2010 546 2056 nemo
571 1997 678 2056 autem
703 1991 783 2054 solet
806 1990 931 2054 abicere
950 1995 1083 2071 vestem„
1104 2010 1199 2074 quam
1213 2009 1278 2053 non
1291 1988 1417 2054 habet.”

336 2123 365 2187 p.
402 2105 466 2168 308
503 2104 542 2167 ad
577 2104 616 2168 de
652 2104 745 2167 domo
781 2104 876 2186 etr,
901 2103 956 2166 ubi
981 2104 1122 2168 occurrit
1147 2102 1416 2184 „Montanorum”

291 2235 424 2281 nomen:
465 2220 638 2299 „montani„
673 2238 691 2281 a
722 2217 849 2300 People„
872 2219 905 2280 in
931 2218 973 2281 111
998 2217 1191 2301 probability
1215 2217 1249 2280 of
1269 2219 1319 2282 his
1343 2237 1416 2280 own

293 2329 461 2395 Oreation'’
498 2350 525 2398 e.
549 2352 577 2415 q.
599 2352 622 2395 s.
659 2333 703 2396 At
739 2331 902 2395 Gesnerus
936 2352 964 2415 p.
1001 2333 1065 2394 259
1079 2351 1135 2415 sq„
1168 2331 1287 2395 indicat
1309 2331 1415 2394 locum

293 2444 449 2510 Varronis
473 2447 511 2510 de
536 2445 570 2510 L.
595 2445 628 2508 L.
652 2446 692 2511 V.
715 2467 743 2530 p.
765 2446 849 2528 49st
872 2445 928 2509 ubi
940 2447 1024 2510 inter
1036 2465 1070 2510 se
1082 2451 1289 2529 opponuntur
1300 2446 1417 2529 pagani

291 2565 388 2643 atque
414 2562 557 2624 montani
581 2579 712 2643 prorsus
736 2560 846 2624 eadem
870 2561 994 2624 ratione
1018 2580 1054 2623 ac
1079 2566 1188 2624 nostro
1212 2561 1298 2639 loco;

336 2693 365 2756 p.
390 2674 453 2737 303
469 2693 524 2757 sq„
548 2674 783 2738 inconsiderate
808 2675 949 2757 disputat
973 2695 1001 2736 r.
1023 2674 1051 2736 d.
1074 2673 1280 2738 devocabulo
1303 2672 1420 2755 fure„

293 2788 381 2872 quod
414 2789 532 2871 legitur
567 2788 606 2852 de
643 2789 736 2852 domo
769 2789 787 2870 ξ
826 2790 906 2868 112;
943 2794 1055 2852 contra
1087 2807 1183 2870 quem
1209 2787 1271 2850 vid.
1296 2787 1419 2850 Gesner

294 2901 347 2964 l.l.
370 2922 398 2986 p.
426 2902 490 2964 263
503 2921 549 2986 sq.

339 3035 368 3099 p.
405 3017 469 3079 333
483 3035 528 3099 sq.
563 3015 699 3080 Summa
732 3017 852 3079 iniuria
882 3016 1046 3080 invehitur
1069 3017 1103 3078 in
1131 3015 1419 3097 „declamatorem”

235 3187 237 3192 .
296 3130 352 3211 qui
389 3130 551 3212 scripserit
584 3129 690 3192 locum
725 3129 764 3192 de
794 3129 859 3192 har.
891 3149 973 3213 resp.
1006 3130 1068 3212 §6
1096 3129 1146 3211 „T.
1172 3132 1280 3193 Annio
1304 3129 1418 3193 devota

296 3246 327 3306 et
350 3245 524 3307 constituta
547 3244 608 3307 ista
632 3243 734 3307 hostia
759 3261 829 3307 esse
852 3242 1018 3324 videtur'’;
1043 3245 1143 3307 nimia
1167 3246 1251 3308 enim
1266 3244 1418 3328 abreptus

295 3355 509 3438 festinatione„
531 3356 638 3420 locum
662 3377 727 3420 non
750 3362 835 3421 recte
859 3362 907 3422 est
930 3359 1167 3441 interpretatus.
1192 3357 1319 3422 Refellit
1342 3377 1417 3422 eum

297 3469 459 3535 Gesnerus
493 3491 522 3555 p.
559 3473 623 3534 212
637 3491 700 3555 sq.;
736 3472 800 3535 vid.
836 3491 965 3556 quoque
999 3471 1183 3555 Hoffmann„
1218 3474 1256 3537 de
1290 3473 1352 3537 fide
1388 3479 1419 3538 et

295 3586 483 3649 auctoritate
518 3587 671 3650 orationis
708 3585 772 3650 Cic.
806 3606 889 3669 quae
924 3588 1019 3650 inscr.
1055 3587 1093 3650 de
1124 3588 1191 3650 har.
1223 3606 1303 3670 resp.
1328 3586 1419 3672 Burg

296 3700 382 3762 1818
405 3720 435 3784 p.
459 3702 488 3763 8.

337 3811 386 3877 De
410 3815 598 3878 meritis
623 3831 708 3896 vero„
732 3812 850 3896 quibus
875 3815 979 3896 ample
1003 3833 1040 3876 ac
1063 3814 1151 3897 large
1171 3817 1419 3897 compensentur

293 3928 370 3990 haec
405 3929 492 4006 vitia,
522 3928 696 4010 quominus
722 3926 822 3990 multa
844 3927 958 3990 faciam
986 3926 1094 4008 verba„
1115 3926 1242 3990 obstant
1266 3932 1298 4018 et
1321 3928 1418 3990 huius

293 4041 406 4124 capitis
440 4042 608 4124 augustiae
642 4045 673 4105 et
703 4043 736 4103 in
761 4041 874 4124 primis
899 4042 1093 4124 nescioquae
1117 4041 1312 4104 verecundia
1337 4059 1420 4122 quae

297 4173 347 4217 me
370 4153 507 4218 deterret
529 4175 547 4217 a
570 4155 678 4218 nimiis
701 4153 853 4218 laudibus
877 4174 988 4218 eorum
1015 4174 1151 4238 quorum
1178 4174 1227 4218 me
1240 4154 1417 4217 addixerim

297 4266 450 4350 partibus.
481 4266 553 4331 Hoc
576 4272 702 4332 tantum
727 4268 822 4333 velim
847 4268 1061 4351 observatum,
1085 4267 1266 4331 Marklandi
1289 4266 1420 4348 librum„
