3274 5192
724 657 766 718 45

176 843 278 922 textu,
313 858 488 925 secumque
523 842 692 926 diligenter
726 845 872 927 pensitet.
905 845 990 910 Ante
1014 847 1121 910 omnia
1146 865 1222 911 vero
1246 866 1304 912 sex

177 954 229 1017 hic
252 955 410 1020 exhibebo
439 959 624 1038 sententias,
649 977 786 1041 quarum
811 959 919 1023 exitus
944 959 1058 1024 debilis
1082 964 1180 1043 atquc
1204 960 1304 1024 elum-

177 1067 227 1132 bis
263 1070 394 1133 omnino
428 1090 493 1134 non
529 1072 700 1155 respondet
735 1092 851 1156 magno
882 1074 1009 1157 spiritui
1033 1093 1129 1157 quem
1153 1076 1187 1138 in
1212 1075 1305 1138 iuitio

178 1189 359 1266 sumpserat
381 1191 509 1266 auctor,
535 1190 612 1250 sunt
636 1190 761 1250 autem:

222 1317 250 1359 o.
286 1297 328 1360 Io
361 1305 473 1362 sauata
504 1300 523 1381 ἕ
555 1303 591 1362 2:
628 1300 735 1383 „quod
760 1301 786 1364 si
810 1304 957 1384 parentes
981 1301 1165 1365 carissimos
1188 1300 1305 1365 habere

178 1410 341 1496 debemuS,
376 1414 462 1497 quod
497 1414 537 1478 ab
572 1416 619 1479 eis
654 1414 748 1479 nobis
785 1417 858 1497 vita,
896 1417 1136 1499 patrimonium,
1166 1415 1304 1498 libertas,

178 1525 291 1590 civitas
313 1526 429 1591 tradita
452 1533 509 1610 est,
533 1529 558 1592 si
584 1528 660 1592 deos
680 1530 804 1611 immes,
829 1548 967 1612 quornm
993 1528 1147 1594 beneficio
1172 1531 1304 1594 ethaeo

177 1641 342 1705 tenuimus
378 1647 409 1705 et
444 1643 557 1706 ceteris
587 1642 683 1707 rebus
714 1645 801 1706 aucti
824 1662 1018 1707 sumus...
1045 1649 1081 1706 ut
1104 1663 1177 1707 cum
1203 1644 1305 1708 multa

177 1754 278 1836 vobis,
322 1775 437 1839 magna
479 1757 598 1840 populo
635 1755 791 1838 Romane,
826 1755 1074 1820 innumerabilia
1108 1757 1305 1840 parentibus

176 1869 285 1932 omnia
320 1869 369 1932 dis
404 1869 640 1934 immortalibus
676 1869 859 1951 debeamus,
894 1871 1005 1934 haec
1040 1875 1179 1934 antea
1214 1873 1303 1935 sin·

176 1982 287 2065 gula
319 1983 545 2067 perillus
576 1983 1304 2066 habuerimus,nuncuniversa

177 2116 256 2182 per
289 2117 369 2162 vos
404 2097 823 2182 recuperarimus.'’

220 2210 337 2276 Nonne
364 2212 547 2276 musculum
574 2213 626 2276 bic
650 2233 741 2277 mous
766 2232 876 2297 parere
900 2213 1028 2277 videtur
1050 2213 1224 2277 ridiculum
1248 2214 1302 2276 ad-

177 2325 333 2389 modum?
357 2323 442 2402 Quid
467 2327 553 2410 quod
576 2329 646 2411 ipsa
669 2328 812 2411 gradatio
836 2327 870 2390 in
893 2326 1303 2391 finesententiaeiactaest

177 2438 284 2504 verbis
307 2440 525 2524 ineptissimis.

222 2553 247 2618 b.
270 2553 380 2617 Alium
405 2555 614 2638 inspiciamus
639 2556 757 2636 locum,
780 2555 799 2636 ἕ
823 2556 859 2617 4:
890 2555 1018 2638 ,Atque
1037 2553 1092 2617 illo
1112 2557 1300 2638 ipsotamen

176 2686 270 2750 annu,
295 2687 368 2731 cum
393 2687 451 2752 ego
476 2670 654 2749 cessissem,
673 2670 822 2752 princeps
843 2672 948 2731 autem
963 2669 1102 2732 civitatis
1115 2687 1180 2730 non
1192 2667 1301 2752 legum

176 2782 344 2865 praesidio,
367 2783 423 2846 sed
446 2784 604 2866 parietum
629 2783 726 2845 vitam
752 2801 842 2846 suam
868 2786 1020 2863 tueretur,
1043 2800 1126 2865 resp.
1146 2783 1303 2846 sinecon-

176 2895 303 2960 sulibus
346 2902 437 2978 esset,
473 2916 577 2981 neque
621 2897 726 2960 solum
762 2894 947 2979 parentibus
981 2898 1153 2980 perpetuis,
1188 2915 1302 2960 verum

176 3012 271 3074 etiam
296 3011 458 3076 tutoribus
483 3011 600 3075 annuis
624 3015 708 3074 esset
732 3009 851 3090 orbata,
875 3010 1050 3074 sententias
1071 3009 1175 3074 dicere
1196 3012 1301 3094 prohi-

177 3123 343 3207 beremini,
365 3130 461 3208 caput
480 3144 569 3189 meae
581 3125 823 3209 proscriptionis
834 3125 1033 3206 recitaretur,
1057 3144 1113 3187 nu
1127 3145 1157 3187 m
1172 3145 1226 3208 qu
1240 3146 1259 3189 a
1271 3145 1302 3188 m

178 3238 448 3303 dubitastis
473 3258 609 3303 meam
634 3239 836 3302 salutem
862 3257 958 3301 oum
984 3240 1302 3303 communica-

177 3353 277 3417 lute
313 3351 638 3437 coniungere.'’

222 3466 352 3532 Praeter
375 3468 492 3531 exilem
516 3445 615 3530 huius
638 3469 815 3531 sententiae
835 3468 957 3531 exitum
980 3466 1182 3531 observatum
1197 3468 1304 3549 velim,

178 3581 259 3646 male
293 3581 362 3644 ludi
397 3582 552 3645 antitheto
586 3582 747 3664 perpetuis
779 3586 811 3645 et
840 3582 968 3663 annuis,
990 3582 1123 3664 perinde
1145 3583 1302 3666 copulatis

178 3698 271 3778 quasi
294 3701 417 3760 tutores
439 3696 562 3780 aliquid
589 3697 692 3759 maius
717 3700 824 3759 essent
847 3695 1035 3780 parentibus
1058 3694 1212 3776 (Wolf).

220 3831 244 3874 c.
266 3809 321 3874 Ad
343 3809 432 3887 Quia.
457 3812 475 3893 ς
502 3812 517 3872 1
547 3808 659 3891 „Quod
683 3814 832 3894 precatus
856 3829 874 3872 a
897 3808 1052 3872 Iove...
1079 3810 1218 3872 maxime
1240 3809 1303 3873 lae·

177 3929 235 4005 tor,
272 3922 443 3999 Quirites.''
479 3961 519 3969 —
554 3921 648 3986 Hanc
683 3925 875 3987 sententiam
909 3923 1043 4006 primam
1077 3921 1139 3985 sibi
1163 3923 1303 3987 movisse

177 4040 391 4122 suspicionem
416 4037 586 4102 confitetur
608 4036 641 4100 M
655 4058 673 4101 a
685 4058 701 4101 r
712 4037 734 4099 lr
747 4037 758 4100 l
770 4057 788 4100 a
800 4056 821 4099 n
836 4037 855 4099 d
869 4056 919 4101 us
942 4056 970 4120 p.
996 4036 1069 4099 260.

220 4151 357 4216 Notatur
392 4153 471 4216 mira
505 4150 675 4216 verborum
712 4151 895 4215 coniunctio
933 4150 1022 4231 „eius
1046 4149 1226 4214 devotionis
1252 4167 1301 4213 mc

176 4286 245 4332 esse
268 4265 474 4331 convictum''
499 4265 623 4347 (Manli.
644 4286 674 4350 p.
695 4266 781 4348 361),
802 4283 900 4348 quam
921 4264 1002 4328 male
1022 4263 1163 4328 defendit
1177 4263 1299 4328 Gesner

132 4417 137 4426 ·
177 4404 206 4468 p.
229 4385 303 4447 242.
