3274 5192
867 611 908 674 18

326 798 521 880 comparavit
541 773 698 882 gradum),
723 802 848 880 praeter
870 797 1052 862 Marklandi
1075 803 1106 864 et
1129 799 1238 864 Wolfii
1258 804 1446 885 argumenta

321 910 527 975 vehomenter
553 910 615 975 sibi
639 910 780 994 probata,
803 931 867 975 non
891 931 993 996 pauca
1016 911 1136 996 profert
1159 932 1243 976 nova
1267 915 1402 977 crimina
1425 934 1444 976 a

324 1041 358 1087 so
393 1025 574 1108 excogitata
609 1030 706 1108 atque
740 1024 847 1089 addita
858 1028 897 1105 1),
921 1025 1086 1111 (leguntur
1110 1031 1215 1091 autom
1242 1048 1269 1111 p.
1294 1028 1446 1103 41-87).

325 1134 433 1211 Quum
458 1156 533 1201 vero
557 1139 620 1200 iam
646 1158 674 1201 r.
700 1138 728 1201 d.
751 1137 966 1203 Hoffmannus
990 1144 1091 1203 totum
1113 1140 1199 1204 huno
1211 1140 1355 1205 libellum
1369 1142 1446 1204 satis

323 1254 470 1314 accurate
504 1253 688 1315 tractaverit
723 1270 825 1334 eaque
860 1271 943 1335 quae
979 1254 1226 1336 reprehensione
1257 1254 1355 1337 digna
1385 1253 1446 1317 sibi

322 1369 430 1428 essent
454 1366 532 1446 visa,
554 1365 750 1446 refutaverit,
773 1385 830 1450 ogo
855 1385 906 1430 me
930 1368 975 1430 rei
999 1367 1193 1432 satisfecisse
1217 1368 1406 1431 existimabo
1419 1369 1445 1430 si

323 1479 507 1560 speciminis
531 1497 629 1542 causa
652 1498 754 1562 pauca
778 1480 934 1562 quaedam
960 1482 1020 1543 viri
1045 1466 1222 1546 doctissimi
1245 1482 1444 1546 exhibuerim

324 1593 491 1654 enuntiata
514 1596 610 1674 atque
633 1592 760 1655 iudicia.
1402 1589 1405 1594 ’

368 1725 396 1788 p.
431 1706 471 1767 52
496 1706 547 1787 (do
571 1706 589 1787 ξ
613 1708 646 1784 8)
672 1711 765 1787 „ante
789 1708 983 1772 vocabulum
1006 1708 1022 1771 f
1030 1708 1098 1773 as''
1121 1711 1229 1792 inquit
1253 1711 1447 1793 „requiritur

325 1820 451 1901 negatio
475 1819 515 1882 ad
539 1819 785 1903 significandum
810 1822 892 1886 nulli
916 1824 985 1886 viro
1009 1824 1140 1888 licuisse
1163 1825 1327 1908 adspicere
1339 1824 1446 1888 Bonae

325 1930 410 1996 Deae
445 1952 551 2013 sacra3
584 1933 676 1997 aliter
706 1936 791 1998 enim
822 1954 954 2018 prorsus
973 1937 1082 2019 inepta
1104 1937 1185 2001 foret
1208 1937 1328 2000 additio
1352 1939 1445 2021 parti·

323 2046 416 2110 oulae
453 2066 513 2127 „ne
544 2046 729 2131 quidem”.'’
752 2047 801 2110 Ex
828 2049 947 2131 quibus
970 2050 1076 2114 vorbis
1101 2054 1239 2134 apparet,
1261 2053 1327 2114 vim
1352 2052 1447 2134 parti·

325 2160 470 2224 cularum
500 2181 570 2242 „ne
595 2161 802 2244 quidem”
826 2182 959 2246 prorsus
982 2164 1104 2246 fugisse
1128 2165 1233 2227 virum
1258 2164 1304 2227 d:
1330 2166 1443 2229 etenim

324 2274 431 2338 addita
466 2277 526 2338 ista
560 2278 738 2359 negatione,
775 2297 870 2359 quam
895 2279 1030 2360 requirit
1054 2277 1353 2361 Meordervoortius,
1377 2298 1445 2342 sen-

324 2389 423 2452 tentia
446 2390 549 2452 oritur
571 2410 590 2452 a
611 2394 765 2453 contextu
789 2390 992 2454 alienissima.

368 2521 396 2585 p.
420 2504 462 2565 43
497 2505 638 2586 graviter
673 2509 802 2567 accusat
838 2504 934 2568 verba
970 2505 1032 2586 §2
1059 2507 1148 2591 „sino
1172 2525 1231 2569 suo
1255 2506 1349 2569 vultu
1373 2525 1444 2569 con-

323 2615 473 2695 sistoro'';
512 2618 768 2700 ,ineptissimum
804 2617 873 2682 est''
908 2620 1019 2701 inquit
1052 2620 1129 2700 „hoo
1153 2622 1222 2684 sine
1246 2618 1370 2683 vultu.'’
1395 2621 1446 2701 At,

322 2729 428 2794 locum
463 2749 528 2792 non
552 2731 750 2794 intellexisse
774 2733 879 2794 virum
904 2732 932 2794 d.
957 2738 987 2796 et
1012 2735 1119 2816 quivis
1143 2735 1238 2817 videt,
1263 2739 1293 2798 et
1317 2735 1445 2799 demon-

322 2848 401 2907 strat
424 2842 639 2908 Hoffmannus
663 2864 691 2927 p.
719 2846 767 2908 12.
786 2873 790 2880 ·

368 2977 396 3040 p.
422 2957 463 3020 53
499 2959 625 3040 ignorat
655 2979 683 3020 v.
709 2958 740 3021 d.
771 2959 952 3042 (disputans
978 2961 1016 3024 de
1040 2961 1058 3042 ξ
1087 2962 1125 3024 lo
1152 2979 1381 3044 „praemonere
1405 2962 1443 3024 do
1488 3043 1491 3052 Ι

327 3072 445 3135 scelere
477 3091 513 3134 ao
535 3071 676 3152 furore'')
700 3091 809 3137 vocem
835 3073 963 3137 sceleris
988 3094 1221 3158 nonnunquam
1246 3076 1340 3158 plane
1363 3076 1445 3139 idem

327 3186 433 3249 valere
467 3205 503 3248 ac
541 3186 737 3270 ,impietas’',
775 3190 922 3269 ,animus
946 3188 1132 3270 scelestus’',
1156 3195 1193 3254 ut
1215 3209 1281 3275 eg.
1306 3190 1385 3255 Sest.
1408 3193 1445 3269 43

249 3379 251 3383 Ι
330 3298 387 3378 14;
423 3301 482 3379 22;
516 3301 573 3379 53;
600 3299 688 3362 Catil.
713 3299 729 3362 I
754 3302 790 3380 83
816 3300 849 3363 II
875 3302 934 3380 ll;
960 3303 1019 3382 253
1044 3303 1081 3365 of.
1106 3302 1197 3367 Verr.
1221 3302 1251 3364 V
1277 3303 1356 3383 1613
1383 3302 1446 3366 Cat.

325 3412 424 3493 1153
449 3412 500 3476 llI
522 3415 560 3494 43
585 3413 648 3477 Pis.
673 3414 692 3495 ξ
717 3414 757 3475 26
772 3433 797 3477 o.
820 3413 869 3477 12.

369 3548 399 3611 p.
425 3527 465 3589 76
489 3526 688 3590 incredibilia
711 3529 866 3610 quaedam
890 3528 1037 3612 legimus.
1057 3529 1230 3594 Existimat
1250 3532 1334 3594 enim
1347 3529 1446 3595 Meer-

326 3641 534 3723 dervoortius,
559 3642 578 3723 ἓ
602 3644 644 3705 43
670 3640 701 3704 C.
726 3641 868 3705 Graccho
892 3643 1147 3726 magnitudinem
1172 3645 1271 3707 animi
1283 3644 1364 3708 falso
1375 3659 1447 3718 esse

325 3755 487 3834 tributam,
510 3775 611 3838 quum
636 3755 744 3838 magni
766 3755 865 3818 animi
887 3754 1001 3820 fuisset
1013 3775 1078 3818 non
1090 3760 1153 3820 tam
1168 3762 1316 3840 expetere
1328 3776 1446 3840 poenas

327 3873 438 3934 mortis
469 3869 636 3950 fraternae,
668 3888 764 3951 quam
795 3871 960 3952 ignoscere
982 3869 1241 3933 interfectoribus
1265 3874 1297 3934 et
1320 3889 1445 3954 operam

326 3984 410 4066 dare,
434 3987 470 4047 ut
492 3981 652 4046 oblivione
676 3981 831 4045 obruatur
853 3982 887 4045 id
909 3982 1043 4047 facinus.

371 4119 399 4181 p.
424 4099 466 4160 58
501 4096 588 4180 quod
625 4094 845 4177 „deterrendi”
879 4095 1014 4159 verbum
1050 4096 1080 4177 (ἓ
1114 4097 1165 4177 18)
1189 4116 1287 4161 sensu
1314 4117 1352 4178 „a
1376 4117 1447 4161 sen·

328 4266 472 4274 ...—

359 4357 385 4423 l)
404 4359 435 4408 cf.
454 4358 601 4424 Hoffmann,
617 4358 660 4408 l.l.
678 4372 701 4421 p.
719 4355 743 4406 4.
