3288 5186
765 673 827 736 103
957 673 959 680 ⁴

239 862 333 926 modo
368 859 409 924 M.
437 858 569 942 Catoni,
604 859 726 922 scimus
762 859 795 922 L.
831 859 972 925 Acilium
997 861 1083 946 apud
1106 866 1211 946 patres
1237 867 1363 926 nostros

239 974 432 1059 appellatum
469 991 539 1037 esse
573 973 759 1056 sapientem,
795 974 850 1037 sed
888 980 1022 1059 uterque
1045 975 1140 1038 alio
1165 975 1359 1058 quodam

239 1109 268 1152 m
283 1088 387 1168 odo;
411 1087 546 1168 Acilius,
570 1087 648 1170 quia
671 1081 814 1170 prudens
838 1106 909 1151 esse
932 1090 965 1151 in
991 1090 1061 1152 iure
1081 1089 1167 1151 civili
1179 1088 1360 1173 putabatur,

239 1201 325 1283 Cato,
361 1202 437 1285 quia
473 1200 646 1264 multarum
678 1217 786 1262 rerum
821 1219 916 1264 usum
942 1201 1176 1265 habebatt....
1201 1207 1231 1266 te
1255 1209 1361 1266 autem

238 1317 346 1402 [alio
382 1315 574 1399 quodam
612 1315 751 1399 modo]
787 1334 852 1378 non
876 1316 986 1380 volum
1016 1322 1132 1380 natura
1156 1322 1187 1380 et
1210 1315 1363 1397 moribus

238 1449 350 1494 verum
385 1431 478 1492 etiam
516 1429 624 1493 studio
659 1435 691 1493 et
726 1430 872 1493 doctrina
904 1448 974 1494 esse
998 1431 1254 1513 sapientem...
1279 1431 1362 1494 exis·

237 1546 361 1608 timant.

279 1656 393 1721 Delevi
417 1656 514 1720 verba
537 1657 618 1720 male
641 1658 783 1739 repetita.

764 1915 836 1979 VH.

280 2127 393 2212 Varro,
418 2128 457 2193 de
479 2127 527 2192 Re
550 2127 643 2192 Rust.
666 2127 700 2190 Π
726 2127 754 2210 1,
779 2128 799 2191 9
824 2127 866 2211 (ρ.
891 2127 931 2189 75
956 2126 1058 2209 Keill:

279 2242 497 2306 Romanorum
533 2261 608 2306 vero
632 2241 787 2326 populum
812 2262 831 2305 a
853 2241 1037 2326 pastoribus
1061 2260 1131 2306 esse
1155 2247 1260 2305 ortum
1285 2241 1359 2324 quis

236 2349 311 2420 non¹
336 2356 484 2419 dicit?
509 2358 583 2440 quis
606 2355 797 2419 Faustulum
822 2357 924 2419 nescit
947 2361 1105 2439 pastorem
1130 2355 1231 2419 fuisse
1256 2355 1359 2418 nutri·

234 2471 320 2533 cium
345 2489 370 2534 e.
385 2490 413 2554 q.
428 2489 453 2535 s.

277 2581 432 2666 Legatur:
458 2583 532 2667 quis
555 2601 620 2646 non
644 2582 829 2645 didicit.

277 2694 322 2758 of.
358 2695 569 2760 Freinshemii
603 2696 783 2760 emendatio
818 2695 881 2759 loci
914 2695 1032 2759 Tacitei
1055 2694 1137 2759 Hist.
1161 2695 1178 2758 I
1202 2695 1244 2757 29
1271 2694 1353 2775 ,dis-

233 2807 324 2873 cam’'
347 2828 404 2893 pro
430 2807 585 2891 „dicam''.

276 3255 458 3338 Petronius,
482 3255 545 3321 Sat.
568 3277 594 3320 c.
620 3259 678 3320 28:

276 3369 342 3434 Iam
378 3371 668 3435 Trimalchio
704 3381 869 3455 unguento
906 3371 1057 3455 perfusus
1090 3370 1357 3454 tergebatur....

231 3485 306 3549 Tres
330 3486 456 3549 interim
482 3486 661 3569 iatraliptae
685 3486 717 3547 in
738 3492 911 3570 conspectu
926 3488 995 3549 eius
1007 3485 1179 3548 Falernum
1192 3485 1354 3568 potabant,

231 3604 261 3663 et
303 3619 376 3663 cum
421 3599 596 3682 plurimum
640 3601 784 3664 rixantes
818 3599 1027 3680 effunderent,
1061 3599 1354 3663 Trimalchio

231 3712 289 3776 hoc
323 3733 420 3777 suum
452 3715 639 3797 propinasse
664 3713 795 3777 dicebat.
820 3713 905 3776 Hinc
929 3715 1096 3778 involutus
1120 3715 1250 3777 coccina
1274 3734 1353 3796 gau-

228 3845 303 3909 sapa
336 3828 467 3890 lecticas
501 3828 671 3910 impositus
704 3833 752 3891 est
784 3827 1047 3910 praecedentibus
1078 3826 1249 3910 phaleratis
1276 3845 1348 3888 cur-

227 3939 353 4004 soribus
388 3945 526 4023 quatuor
561 3945 592 4004 et
626 3940 832 4023 chiramaxio,
855 3942 889 4003 in
915 3959 979 4024 quo
1004 3940 1136 4004 deliciae
1160 3941 1230 4004 eius
1256 3940 1352 4004 vehe-

230 4052 356 4136 bantur,
390 4073 471 4138 puer
503 4054 640 4136 vetulus,
672 4054 788 4138 lippus,
813 4053 942 4118 domino
968 4053 1347 4139 [Trimalchione]

230 4165 412 4232 deformior.

271 4279 392 4346 Ultimo
416 4283 486 4346 loco
512 4282 656 4346 deleatur
679 4300 795 4345 nomen
819 4283 993 4366 proprium.

270 4392 461 4460 Subsimiles
484 4395 745 4480 interpolationes
768 4395 924 4480 leguntur
948 4415 973 4459 c.
997 4396 1048 4460 75.
