3288 5186
732 620 773 682 93

190 825 255 869 non
291 806 351 868 hoc
386 806 455 869 loco
484 806 655 881 ¹Valerium
686 825 756 870 esse
789 808 914 870 simiam
939 805 1111 888 Ciceronis,
1133 807 1187 870 sed
1212 805 1316 869 hercle

190 924 351 982 auctorem
389 925 515 984 nostrae
547 920 788 983 declamationis
821 921 906 983 bunc
931 940 1024 983 suum
1050 919 1220 984 flosculum
1247 941 1316 982 mu·
1371 943 1374 949 ’

191 1038 315 1096 tuatum
341 1053 411 1096 esse
434 1033 473 1096 ab
498 1035 650 1098 historico
665 1033 698 1116 1).
723 1033 812 1110 Quae
836 1033 1015 1098 Marklandi
1035 1037 1223 1106 coniectura
1242 1053 1316 1100 con-

190 1145 402 1210 firmationem
428 1146 589 1230 quandam
612 1147 816 1226 nanciscitur,
829 1147 856 1210 si
877 1146 1043 1212 nobiscum
1058 1148 1315 1229 reputaverimus

192 1260 278 1322 bunc
309 1259 430 1322 Valerii
462 1261 568 1322 locum
594 1261 733 1322 inveniri
757 1261 790 1321 in
815 1245 885 1341 ipso
909 1259 981 1321 libri
1006 1260 1076 1322 eius
1100 1261 1201 1338 initio,
1224 1258 1316 1321 facile

190 1375 289 1455 igitur
312 1374 439 1436 lectoris
462 1375 617 1455 stringere
641 1372 760 1450 oculos,
781 1372 1012 1454 commodeque
1032 1373 1132 1434 teneri
1146 1372 1313 1448 memoria3

191 1507 291 1570 quum
321 1493 431 1549 contra
455 1487 587 1550 minime
611 1488 652 1549 sit
676 1487 743 1548 veri
766 1485 877 1565 simile,
897 1485 1061 1548 Valerium
1082 1486 1115 1546 in
1137 1483 1316 1567 propylaeis

190 1606 254 1663 tam
282 1601 414 1682 grandis
438 1601 542 1683 operis
568 1620 663 1683 quam
689 1604 766 1662 sunt
792 1597 978 1678 „Dictorum
1002 1604 1032 1661 ct
1056 1597 1224 1660 Factorum
1250 1597 1315 1660 Me-

192 1713 396 1776 morabilium
429 1712 517 1775 Libri
539 1712 685 1775 Novem’'
711 1712 874 1775 struendis
900 1713 1062 1774 materiam
1089 1731 1180 1773 suam
1207 1730 1315 1792 sump-

191 1827 271 1890 sisse
296 1846 336 1890 ex
361 1829 504 1890 oratione
528 1833 591 1888 tam
617 1845 729 1908 parum
751 1825 845 1904 culta,
866 1832 902 1887 ut
921 1827 990 1907 ipsa
1009 1824 1108 1888 verba
1129 1843 1212 1907 quae
1232 1829 1316 1888 essct

191 1940 357 2022 allaturus,
377 1948 549 2024 antequam
571 1941 605 2001 in
621 1938 738 2001 librum
753 1957 849 2000 suum
864 1956 898 2000 ca
912 1936 1136 2009 introduceret,
1149 1939 1182 1999 in
1195 1943 1312 2000 rectam

191 2059 288 2136 atque
311 2055 468 2117 sinceram
493 2055 523 2116 ei
546 2058 652 2116 essent
675 2051 847 2133 redigenda
871 2049 1083 2113 Latinitatem.

234 2166 302 2230 Iam
329 2149 438 2250 paucis
462 2166 712 2248 complectamur
734 2183 771 2228 ea
796 2183 878 2247 quae
897 2165 929 2225 in
943 2163 1207 2247 praecedentibus
1220 2163 1314 2227 nobis

192 2299 226 2342 se
259 2280 453 2343 obtulerunt.
487 2279 597 2342 Multis
628 2279 728 2361 igitur
751 2279 950 2360 argumentis
972 2278 1188 2340 internis
1213 2296 1313 2360 quum

191 2395 223 2455 in
260 2412 328 2456 eam
365 2394 510 2476 perducti
546 2411 690 2457 essemus
725 2393 925 2471 sententiam,
960 2393 1019 2453 vix
1051 2395 1189 2474 quatuor
1220 2393 1314 2455 hasce

191 2509 350 2570 orationes
374 2506 487 2590 dignas
510 2525 580 2570 esse
603 2508 733 2568 nomine
753 2505 971 2585 Ciceronian0,
991 2523 1032 2567 ex
1045 2503 1167 2568 Valerii
1181 2503 1313 2567 Maximi

192 2623 329 2704 quodam
354 2622 423 2685 loco
447 2627 629 2704 comparato
653 2641 726 2683 cum
752 2619 858 2683 verbis
879 2619 1044 2682 nonnullis
1064 2638 1104 2682 cx
1125 2638 1313 2682 unaearum

192 2738 382 2818 orationum,
413 2737 493 2799 mira
524 2736 679 2818 quaedam
710 2736 784 2798 huic
808 2735 949 2818 opinioni
973 2733 1144 2796 accedebat
1166 2732 1313 2796 corrobo-

191 2852 280 2933 ratio,
303 2871 404 2934 quum
428 2850 473 2914 ibi
497 2858 663 2934 appareret
686 2851 841 2914 indicium
864 2852 966 2932 ipsius
991 2851 1111 2930 aetatis,
1135 2869 1197 2932 qua
1216 2848 1313 2912 scribi

192 2966 333 3047 potuerit
356 2966 560 3048 supposititia
584 2984 620 3028 ea
644 2967 761 3028 oratio:

235 3075 417 3159 Composita
453 3079 537 3141 enim
574 3097 644 3141 csse
677 3078 804 3141 videtur
835 3097 921 3140 non
953 3073 1247 3140 ante'annum
1275 3076 1316 3137 30

192 3211 219 3275 p.
233 3189 265 3253 C.
280 3212 308 3254 n.
324 3191 460 3272 (constat
472 3193 567 3272 enim,
581 3191 746 3254 Valerium
762 3193 931 3273 scripsisse
944 3192 1037 3253 annis
1049 3189 1115 3253 fere
1128 3190 1272 3265 28-32)
1286 3189 1317 3268 2).

235 3305 332 3368 Unus
366 3311 490 3369 tautum
517 3306 609 3369 nobis
633 3311 731 3368 restat
755 3324 796 3369 ex
821 3306 1012 3388 antiquitate
1036 3305 1135 3384 testis,
1158 3305 1186 3366 is
1210 3306 1316 3366 autem

196 3447 339 3455 0——

225 3525 252 3591 1)
271 3527 358 3591 Siquis
386 3532 474 3577 autem
494 3527 631 3577 contendat
650 3526 707 3576 fieri
726 3525 840 3590 potuisse
858 3529 887 3574 ut
906 3525 931 3574 et
950 3522 1068 3573 Valerius
1084 3523 1110 3572 et
1129 3527 1216 3572 noster
1233 3527 1319 3572 orator
1339 3569 1341 3574 ,
1379 3521 1381 3525 ’

189 3634 220 3668 ex
245 3619 377 3668 communi
404 3619 516 3682 quodam
543 3619 678 3667 hauserint
697 3618 777 3679 fonte,
795 3631 888 3679 nempe
905 3631 937 3664 ex
955 3613 1097 3664 enchiridio
1114 3613 1227 3678 quodam
1246 3613 1315 3662 anti-

190 3711 331 3773 quitatum,
356 3711 424 3773 quod
448 3716 595 3773 temporum
613 3709 751 3773 iniquitate
768 3709 799 3756 ad
817 3721 864 3756 nos
881 3721 934 3756 non
955 3705 1109 3768 pervenerit,
1126 3718 1178 3752 non
1196 3703 1316 3766 equidem

191 3802 330 3862 praefracte
356 3801 381 3849 id
406 3801 448 3849 ibo
465 3798 579 3864 infitias3
598 3799 786 3848 incertissimae
804 3804 893 3847 autern
917 3796 1044 3846 eiusmodi
1062 3795 1232 3855 coniecturae,
1250 3808 1316 3857 quae

191 3891 262 3940 libris
287 3892 436 3941 innitantur
460 3891 606 3954 deperditis,
636 3905 687 3939 non
715 3894 783 3938 recte
809 3886 925 3938 adhiberi
950 3886 1015 3935 milri
1033 3885 1154 3934 videntur
1170 3885 1233 3933 dum
1251 3885 1316 3932 aliae

193 3982 266 4032 nobis
282 3983 367 4032 adsint
386 3983 474 4032 minus
491 3981 634 4032 arcessitae.

225 4072 252 4139 2)
280 4075 316 4126 Ex
344 4074 437 4123 Valerii
464 4075 517 4123 loco
543 4072 576 4122 VI
602 4071 616 4121 1
646 4086 757 4135 procem.
784 4075 898 4134 apparet,
922 4069 1017 4119 Iuliam
1045 4068 1114 4115 inter
1139 4066 1210 4114 vivos
1226 4065 1318 4129 degere

192 4179 275 4227 quum
302 4165 365 4214 haec
389 4165 566 4215 scriberentur
593 4163 670 4227 (obiit
695 4166 784 4211 autem
811 4160 878 4210 Iulia
902 4163 937 4210 αθ.
954 4158 1015 4223 ⁴29);
1032 4159 1104 4206 locus
1125 4161 1213 4205 autem
1232 4155 1267 4204 IX
1284 4153 1314 4204 11

193 4261 257 4306 extr.
283 4256 355 4306 breui
381 4261 437 4320 post
463 4254 548 4305 Seiani
565 4254 722 4318 compositus
739 4257 779 4302 est
798 4257 909 4302 mortem
929 4253 976 4314 (αθ.
996 4247 1049 4314 31).
1068 4248 1123 4298 Vid.
1141 4262 1194 4312 eg.
1214 4246 1316 4296 Teuf-

193 4346 253 4406 fel,
270 4348 361 4399 Gesch.
378 4347 402 4398 d.
420 4350 484 4398 rbm.
507 4343 664 4397 Lita51890
682 4344 706 4393 II
726 4359 749 4408 p.
768 4341 808 4393 70.
