<?xml version="1.0" encoding="UTF-8"?>
<!DOCTYPE html PUBLIC "-//W3C//DTD XHTML 1.0 Transitional//EN"
    "http://www.w3.org/TR/xhtml1/DTD/xhtml1-transitional.dtd">
<html xmlns="http://www.w3.org/1999/xhtml" xml:lang="en" lang="en">
 <head>
  <title>
</title>
<meta http-equiv="Content-Type" content="text/html;charset=utf-8" />
  <meta name='ocr-system' content='tesseract 3.04.00' />
  <meta name='ocr-capabilities' content='ocr_page ocr_carea ocr_par ocr_line ocrx_word'/>
</head>
<body>
  <div class='ocr_page' id='page_1' title='image "./deorationibusqu00leopgoog_0018.png"; bbox 0 0 3274 5192; ppageno 0'>
   <div class='ocr_carea' id='block_1_1' title="bbox 418 2077 1156 2616">
    <p class='ocr_par' dir='ltr' id='par_1_1' title="bbox 418 2077 1156 2616">
     <span class='ocr_line' id='line_1_1' title="bbox 418 2077 1156 2155; baseline -0.026 -14"><span class='ocrx_word' id='word_1_1' title='bbox 418 2106 443 2155; x_wconf 87' lang='lat' dir='ltr'>p.</span> <span class='ocrx_word' id='word_1_2' title='bbox 485 2088 587 2138; x_wconf 71' lang='lat' dir='ltr'>Slinea</span> <span class='ocrx_word' id='word_1_3' title='bbox 659 2082 675 2133; x_wconf 91' lang='lat'>8</span> <span class='ocrx_word' id='word_1_4' title='bbox 709 2099 756 2148; x_wconf 86' lang='lat' dir='ltr'>pro</span> <span class='ocrx_word' id='word_1_5' title='bbox 791 2082 896 2131; x_wconf 80' lang='lat' dir='ltr'>litorum</span> <span class='ocrx_word' id='word_1_6' title='bbox 928 2079 976 2142; x_wconf 75' lang='lat' dir='ltr'>leg.</span> <span class='ocrx_word' id='word_1_7' title='bbox 1010 2077 1156 2125; x_wconf 84' lang='lat' dir='ltr'>literarum.</span> 
     </span>
     <span class='ocr_line' id='line_1_2' title="bbox 420 2168 1136 2246; baseline -0.022 -14"><span class='ocrx_word' id='word_1_8' title='bbox 420 2198 445 2246; x_wconf 86' lang='lat' dir='ltr'>p.</span> <span class='ocrx_word' id='word_1_9' title='bbox 488 2181 504 2230; x_wconf 87' lang='lat'>5</span> <span class='ocrx_word' id='word_1_10' title='bbox 539 2219 551 2246; x_wconf 81' lang='lat'>„</span> <span class='ocrx_word' id='word_1_11' title='bbox 645 2176 677 2227; x_wconf 83' lang='lat'>17</span> <span class='ocrx_word' id='word_1_12' title='bbox 729 2214 741 2242; x_wconf 81' lang='lat'>„</span> <span class='ocrx_word' id='word_1_13' title='bbox 793 2172 919 2223; x_wconf 87' lang='lat' dir='ltr'>ludribrio</span> <span class='ocrx_word' id='word_1_14' title='bbox 952 2207 965 2236; x_wconf 86' lang='lat'>„</span> <span class='ocrx_word' id='word_1_15' title='bbox 1016 2168 1136 2218; x_wconf 87' lang='lat' dir='ltr'>ludibrio.</span> 
     </span>
     <span class='ocr_line' id='line_1_3' title="bbox 420 2259 1146 2340; baseline -0.022 -15"><span class='ocrx_word' id='word_1_16' title='bbox 420 2291 445 2340; x_wconf 88' lang='lat' dir='ltr'>p.</span> <span class='ocrx_word' id='word_1_17' title='bbox 489 2273 505 2323; x_wconf 84' lang='lat'>9</span> <span class='ocrx_word' id='word_1_18' title='bbox 541 2311 553 2338; x_wconf 77' lang='lat'><em>„</em></span> <span class='ocrx_word' id='word_1_19' title='bbox 648 2269 681 2319; x_wconf 77' lang='grc'>14</span> <span class='ocrx_word' id='word_1_20' title='bbox 732 2307 744 2333; x_wconf 85' lang='lat'>„</span> <span class='ocrx_word' id='word_1_21' title='bbox 797 2265 916 2330; x_wconf 79' lang='grc' dir='ltr'>ἐξετάξειν</span> <span class='ocrx_word' id='word_1_22' title='bbox 953 2300 966 2330; x_wconf 58' lang='grc' dir='ltr'><em>π</em></span> <span class='ocrx_word' id='word_1_23' title='bbox 1018 2259 1146 2324; x_wconf 75' lang='grc' dir='ltr'><em>ἐξετάζειν.</em></span> 
     </span>
     <span class='ocr_line' id='line_1_4' title="bbox 419 2361 1052 2432; baseline -0.024 -14"><span class='ocrx_word' id='word_1_24' title='bbox 419 2383 446 2432; x_wconf 86' lang='lat' dir='ltr'>p.</span> <span class='ocrx_word' id='word_1_25' title='bbox 472 2367 504 2416; x_wconf 60' lang='grc' dir='ltr'><em>Ἃ</em></span> <span class='ocrx_word' id='word_1_26' title='bbox 540 2404 553 2431; x_wconf 82' lang='lat'>„</span> <span class='ocrx_word' id='word_1_27' title='bbox 666 2361 679 2411; x_wconf 79' lang='lat' dir='ltr'>i</span> <span class='ocrx_word' id='word_1_28' title='bbox 733 2399 745 2425; x_wconf 79' lang='lat'>„</span> <span class='ocrx_word' id='word_1_29' title='bbox 798 2361 823 2408; x_wconf 92' lang='lat' dir='ltr'>ia</span> <span class='ocrx_word' id='word_1_30' title='bbox 951 2393 963 2418; x_wconf 81' lang='lat'>„</span> <span class='ocrx_word' id='word_1_31' title='bbox 1015 2369 1052 2404; x_wconf 86' lang='lat' dir='ltr'>ea.</span> 
     </span>
     <span class='ocr_line' id='line_1_5' title="bbox 421 2445 1089 2524; baseline -0.027 -14"><span class='ocrx_word' id='word_1_32' title='bbox 421 2475 446 2524; x_wconf 90' lang='lat' dir='ltr'>p.</span> <span class='ocrx_word' id='word_1_33' title='bbox 475 2457 508 2508; x_wconf 85' lang='grc'>60</span> <span class='ocrx_word' id='word_1_34' title='bbox 544 2455 682 2522; x_wconf 74' lang='lat' dir='ltr'>„nette</span> <span class='ocrx_word' id='word_1_35' title='bbox 734 2491 746 2517; x_wconf 80' lang='lat'>„</span> <span class='ocrx_word' id='word_1_36' title='bbox 798 2466 864 2500; x_wconf 85' lang='lat' dir='ltr'>verr.</span> <span class='ocrx_word' id='word_1_37' title='bbox 951 2485 964 2512; x_wconf 84' lang='lat'>„</span> <span class='ocrx_word' id='word_1_38' title='bbox 1016 2445 1089 2494; x_wconf 87' lang='lat' dir='ltr'>Verr.</span> 
     </span>
     <span class='ocr_line' id='line_1_6' title="bbox 423 2547 1078 2616; baseline -0.024 -14"><span class='ocrx_word' id='word_1_39' title='bbox 423 2551 505 2616; x_wconf 63' lang='lat' dir='ltr'>uter</span> <span class='ocrx_word' id='word_1_40' title='bbox 545 2589 557 2615; x_wconf 82' lang='lat'><strong>„</strong></span> <span class='ocrx_word' id='word_1_41' title='bbox 669 2547 685 2595; x_wconf 84' lang='lat'>5</span> <span class='ocrx_word' id='word_1_42' title='bbox 733 2583 746 2610; x_wconf 76' lang='lat'>‚‚</span> <span class='ocrx_word' id='word_1_43' title='bbox 799 2559 844 2592; x_wconf 89' lang='lat' dir='ltr'>son</span> <span class='ocrx_word' id='word_1_44' title='bbox 953 2577 966 2604; x_wconf 56' lang='grc' dir='ltr'><em>π</em></span> <span class='ocrx_word' id='word_1_45' title='bbox 1019 2553 1078 2587; x_wconf 90' lang='lat' dir='ltr'>non.</span> 
     </span>
    </p>
   </div>
   <div class='ocr_carea' id='block_1_2' title="bbox 212 3536 1391 4294">
    <p class='ocr_par' dir='ltr' id='par_1_2' title="bbox 212 3536 1391 4294">
     <span class='ocr_line' id='line_1_7' title="bbox 342 3536 1391 3613; baseline 0.003 -22"><span class='ocrx_word' id='word_1_46' title='bbox 342 3568 440 3592; x_wconf 61' lang='lat' dir='ltr'>mut.</span> <span class='ocrx_word' id='word_1_47' title='bbox 476 3565 517 3592; x_wconf 71' lang='lat' dir='ltr'>m</span> <span class='ocrx_word' id='word_1_48' title='bbox 541 3561 651 3593; x_wconf 63' lang='lat' dir='ltr'>iovem</span> <span class='ocrx_word' id='word_1_49' title='bbox 678 3555 831 3610; x_wconf 63' lang='lat' dir='ltr'>ornemus,</span> <span class='ocrx_word' id='word_1_50' title='bbox 855 3555 892 3592; x_wconf 92' lang='lat' dir='ltr'>eo</span> <span class='ocrx_word' id='word_1_51' title='bbox 916 3549 1058 3612; x_wconf 75' lang='lat' dir='ltr'>tempore</span> <span class='ocrx_word' id='word_1_52' title='bbox 1083 3545 1170 3612; x_wconf 81' lang='lat' dir='ltr'>quoe</span> <span class='ocrx_word' id='word_1_53' title='bbox 1194 3549 1341 3613; x_wconf 81' lang='lat' dir='ltr'>proxlme</span> <span class='ocrx_word' id='word_1_54' title='bbox 1389 3536 1391 3538; x_wconf 79' lang='grc'><strong>’</strong></span> 
     </span>
     <span class='ocr_line' id='line_1_8' title="bbox 215 3641 1340 3727; baseline 0.001 -22"><span class='ocrx_word' id='word_1_55' title='bbox 215 3641 412 3724; x_wconf 82' lang='lat' dir='ltr'>sequebatur</span> <span class='ocrx_word' id='word_1_56' title='bbox 434 3642 562 3707; x_wconf 90' lang='lat' dir='ltr'>Bentlei</span> <span class='ocrx_word' id='word_1_57' title='bbox 585 3647 729 3725; x_wconf 88' lang='lat' dir='ltr'>aetatem,</span> <span class='ocrx_word' id='word_1_58' title='bbox 751 3643 839 3706; x_wconf 88' lang='lat' dir='ltr'>haud</span> <span class='ocrx_word' id='word_1_59' title='bbox 862 3663 981 3726; x_wconf 87' lang='lat' dir='ltr'>paucos</span> <span class='ocrx_word' id='word_1_60' title='bbox 1005 3644 1186 3707; x_wconf 82' lang='lat' dir='ltr'>surrexisse</span> <span class='ocrx_word' id='word_1_61' title='bbox 1207 3644 1340 3727; x_wconf 92' lang='lat' dir='ltr'>philolo-</span> 
     </span>
     <span class='ocr_line' id='line_1_9' title="bbox 213 3756 1339 3840; baseline 0.002 -21"><span class='ocrx_word' id='word_1_62' title='bbox 213 3775 338 3839; x_wconf 85' lang='lat' dir='ltr'>gos-</span> <span class='ocrx_word' id='word_1_63' title='bbox 363 3762 399 3820; x_wconf 90' lang='lat' dir='ltr'>ut</span> <span class='ocrx_word' id='word_1_64' title='bbox 433 3758 493 3820; x_wconf 88' lang='lat' dir='ltr'>hac</span> <span class='ocrx_word' id='word_1_65' title='bbox 528 3761 601 3820; x_wconf 89' lang='lat' dir='ltr'>utar</span> <span class='ocrx_word' id='word_1_66' title='bbox 632 3775 711 3821; x_wconf 82' lang='lat' dir='ltr'>voce</span> <span class='ocrx_word' id='word_1_67' title='bbox 735 3794 776 3804; x_wconf 88' lang='lat'>—</span> <span class='ocrx_word' id='word_1_68' title='bbox 802 3759 858 3840; x_wconf 92' lang='lat' dir='ltr'>qui</span> <span class='ocrx_word' id='word_1_69' title='bbox 890 3757 970 3820; x_wconf 89' lang='lat' dir='ltr'>nihil</span> <span class='ocrx_word' id='word_1_70' title='bbox 994 3759 1161 3840; x_wconf 86' lang='lat' dir='ltr'>antiquius</span> <span class='ocrx_word' id='word_1_71' title='bbox 1185 3756 1339 3822; x_wconf 79' lang='lat' dir='ltr'>haberent</span> 
     </span>
     <span class='ocr_line' id='line_1_10' title="bbox 215 3869 1338 3954; baseline 0.003 -23"><span class='ocrx_word' id='word_1_72' title='bbox 215 3889 311 3952; x_wconf 90' lang='lat' dir='ltr'>quam</span> <span class='ocrx_word' id='word_1_73' title='bbox 344 3875 380 3934; x_wconf 94' lang='lat' dir='ltr'>ut</span> <span class='ocrx_word' id='word_1_74' title='bbox 404 3871 522 3934; x_wconf 87' lang='lat' dir='ltr'>summi</span> <span class='ocrx_word' id='word_1_75' title='bbox 547 3871 691 3954; x_wconf 84' lang='lat' dir='ltr'>magistri</span> <span class='ocrx_word' id='word_1_76' title='bbox 714 3871 773 3934; x_wconf 86' lang='lat' dir='ltr'>hau</span> <span class='ocrx_word' id='word_1_77' title='bbox 795 3871 829 3932; x_wconf 93' lang='lat' dir='ltr'>in</span> <span class='ocrx_word' id='word_1_78' title='bbox 854 3888 888 3934; x_wconf 90' lang='lat' dir='ltr'>re</span> <span class='ocrx_word' id='word_1_79' title='bbox 911 3875 1092 3953; x_wconf 88' lang='lat' dir='ltr'>premerent</span> <span class='ocrx_word' id='word_1_80' title='bbox 1117 3871 1261 3952; x_wconf 85' lang='lat' dir='ltr'>vestigia.</span> <span class='ocrx_word' id='word_1_81' title='bbox 1285 3869 1338 3934; x_wconf 85' lang='lat' dir='ltr'>Sio</span> 
     </span>
     <span class='ocr_line' id='line_1_11' title="bbox 214 3981 1337 4074; baseline 0.002 -28"><span class='ocrx_word' id='word_1_82' title='bbox 214 3981 267 4046; x_wconf 90' lang='lat' dir='ltr'>A⁰.</span> <span class='ocrx_word' id='word_1_83' title='bbox 302 3985 385 4047; x_wconf 79' lang='lat'>1741</span> <span class='ocrx_word' id='word_1_84' title='bbox 420 3985 481 4049; x_wconf 87' lang='lat' dir='ltr'>[ac.</span> <span class='ocrx_word' id='word_1_85' title='bbox 512 3985 700 4049; x_wconf 85' lang='lat' dir='ltr'>Tunstallus</span> <span class='ocrx_word' id='word_1_86' title='bbox 731 3986 765 4047; x_wconf 95' lang='lat' dir='ltr'>in</span> <span class='ocrx_word' id='word_1_87' title='bbox 790 3983 934 4067; x_wconf 83' lang='lat' dir='ltr'>Epistola</span> <span class='ocrx_word' id='word_1_88' title='bbox 957 3984 998 4047; x_wconf 90' lang='lat' dir='ltr'>ad</span> <span class='ocrx_word' id='word_1_89' title='bbox 1020 3982 1254 4074; x_wconf 85' lang='lat' dir='ltr'>Middletonum</span> <span class='ocrx_word' id='word_1_90' title='bbox 1278 3983 1337 4048; x_wconf 88' lang='lat' dir='ltr'>La-</span> 
     </span>
     <span class='ocr_line' id='line_1_12' title="bbox 213 4095 1337 4186; baseline 0.001 -26"><span class='ocrx_word' id='word_1_91' title='bbox 213 4099 281 4161; x_wconf 88' lang='lat' dir='ltr'>tine</span> <span class='ocrx_word' id='word_1_92' title='bbox 315 4099 434 4181; x_wconf 88' lang='lat' dir='ltr'>scripta</span> <span class='ocrx_word' id='word_1_93' title='bbox 468 4098 687 4186; x_wconf 86' lang='lat' dir='ltr'>demonstrare</span> <span class='ocrx_word' id='word_1_94' title='bbox 722 4104 857 4161; x_wconf 84' lang='lat' dir='ltr'>conatus</span> <span class='ocrx_word' id='word_1_95' title='bbox 888 4102 945 4178; x_wconf 86' lang='lat' dir='ltr'>est,</span> <span class='ocrx_word' id='word_1_96' title='bbox 976 4096 1137 4180; x_wconf 81' lang='lat' dir='ltr'>Epistolas</span> <span class='ocrx_word' id='word_1_97' title='bbox 1173 4095 1337 4176; x_wconf 73' lang='lat' dir='ltr'>Ciceronis</span> 
     </span>
     <span class='ocr_line' id='line_1_13' title="bbox 212 4209 1338 4294; baseline 0.001 -20"><span class='ocrx_word' id='word_1_98' title='bbox 212 4210 252 4274; x_wconf 89' lang='lat' dir='ltr'>ad</span> <span class='ocrx_word' id='word_1_99' title='bbox 276 4210 414 4275; x_wconf 88' lang='lat' dir='ltr'>Brutum</span> <span class='ocrx_word' id='word_1_100' title='bbox 439 4217 471 4276; x_wconf 91' lang='lat' dir='ltr'>et</span> <span class='ocrx_word' id='word_1_101' title='bbox 493 4212 587 4276; x_wconf 89' lang='lat' dir='ltr'>Bruti</span> <span class='ocrx_word' id='word_1_102' title='bbox 612 4212 652 4275; x_wconf 85' lang='lat' dir='ltr'>ad</span> <span class='ocrx_word' id='word_1_103' title='bbox 676 4209 872 4292; x_wconf 79' lang='lat' dir='ltr'>Ciceronem,</span> <span class='ocrx_word' id='word_1_104' title='bbox 897 4231 1035 4294; x_wconf 89' lang='lat' dir='ltr'>quarum</span> <span class='ocrx_word' id='word_1_105' title='bbox 1059 4210 1153 4275; x_wconf 91' lang='lat' dir='ltr'>fidem</span> <span class='ocrx_word' id='word_1_106' title='bbox 1179 4229 1280 4294; x_wconf 89' lang='lat' dir='ltr'>aeque</span> <span class='ocrx_word' id='word_1_107' title='bbox 1301 4231 1338 4275; x_wconf 87' lang='lat' dir='ltr'>ac</span> 
     </span>
    </p>
   </div>
   <div class='ocr_carea' id='block_1_3' title="bbox 212 4323 1337 4484">
    <p class='ocr_par' dir='ltr' id='par_1_3' title="bbox 212 4323 1337 4484">
     <span class='ocr_line' id='line_1_14' title="bbox 212 4323 1337 4410; baseline 0.004 -24"><span class='ocrx_word' id='word_1_108' title='bbox 212 4324 410 4407; x_wconf 85' lang='lat' dir='ltr'>reliquarum</span> <span class='ocrx_word' id='word_1_109' title='bbox 447 4326 653 4410; x_wconf 89' lang='lat' dir='ltr'>epistolarum</span> <span class='ocrx_word' id='word_1_110' title='bbox 690 4323 971 4388; x_wconf 81' lang='lat' dir='ltr'>Ciceronianarum</span> <span class='ocrx_word' id='word_1_111' title='bbox 996 4330 1107 4388; x_wconf 86' lang='lat' dir='ltr'>auctor</span> <span class='ocrx_word' id='word_1_112' title='bbox 1129 4323 1225 4389; x_wconf 87' lang='lat' dir='ltr'>Vitae</span> <span class='ocrx_word' id='word_1_113' title='bbox 1249 4323 1337 4390; x_wconf 81' lang='lat' dir='ltr'>Cice·</span> 
     </span>
     <span class='ocr_line' id='line_1_15' title="bbox 1219 4433 1232 4484; baseline 0 0"><span class='ocrx_word' id='word_1_114' title='bbox 1219 4433 1232 4484; x_wconf 83' lang='lat'><strong>1</strong></span> 
     </span>
    </p>
   </div>
   <div class='ocr_carea' id='block_1_4' title="bbox 0 0 1642 5192">
    <p class='ocr_par' dir='ltr' id='par_1_4' title="bbox 0 0 1642 5192">
     <span class='ocr_line' id='line_1_16' title="bbox 0 0 1642 5192; baseline 0 0"><span class='ocrx_word' id='word_1_115' title='bbox 0 0 1642 5192; x_wconf 95' lang='lat' dir='ltr'> </span> 
     </span>
    </p>
   </div>
  </div>
 </body>
</html>
