3288 5186
855 613 896 674 66

350 800 368 874 5
403 798 444 861 50
482 798 739 883 ,praecipitantis
773 796 978 863 tribunatus’'
1006 798 1036 861 h.
1048 798 1067 861 l.
1092 802 1139 863 est
1162 799 1181 862 i.
1195 818 1224 882 q.
1249 799 1308 885 „ad
1331 798 1429 866 finem

304 910 471 990 ruentis'’;
495 910 532 974 cf.
556 909 597 974 ad
620 910 660 974 de
684 911 779 974 domo
802 914 821 989 5
845 912 896 975 40.

350 1026 368 1100 5
404 1025 445 1086 52
483 1025 530 1110 ,si
562 1024 750 1089 reditur
786 1026 827 1088 ei
861 1026 1048 1108 gratiae
1080 1024 1251 1109 patuerit.''
1276 1024 1430 1089 Perverse

305 1134 470 1218 Latinitas,
505 1157 600 1221 quam
635 1139 718 1202 tueri
753 1157 817 1201 non
850 1143 954 1222 potest
976 1138 1158 1202 versiculus
1182 1158 1200 1202 a
1224 1137 1429 1203 Gesnero

305 1252 484 1315 arcessitus.
510 1251 582 1315 Vid.
606 1272 672 1337 oap.
695 1252 712 1315 I
736 1272 764 1336 p.
791 1252 840 1316 16.

345 1368 364 1441 5
400 1366 441 1426 55
480 1365 560 1430 med.
598 1371 686 1452 ,tum
723 1385 768 1431 se
803 1366 1031 1451 emergit’'
1057 1366 1259 1451 Quamquam
1284 1385 1326 1431 ex
1349 1366 1429 1430 locis

305 1476 416 1559 quales
450 1483 527 1542 sunt
561 1478 667 1543 Vatin.
705 1481 744 1542 17
782 1481 903 1566 („unus
937 1487 972 1545 tu
1004 1499 1148 1546 emersus
1181 1481 1355 1561 ecoeuo”)
1380 1480 1429 1544 vel

304 1589 383 1654 Sest
419 1592 461 1654 20
496 1591 691 1678 (chomiuem
728 1612 888 1658 emersum
919 1592 1026 1658 subito
1057 1594 1120 1658 ex''
1152 1613 1177 1660 e.
1191 1615 1219 1678 q.
1233 1597 1269 1672 s.)
1292 1599 1431 1678 apparet,

308 1706 515 1790 „transitive”
544 1707 577 1768 in
610 1704 772 1771 Ciceronis
797 1706 996 1772 orationibus
1022 1727 1255 1792 nonnunquam
1281 1708 1430 1791 usurpari

309 1819 533 1905 „emergendi”
569 1819 712 1900 verbum,
746 1827 854 1886 tamen
884 1822 1078 1905 persuadere
1110 1823 1187 1885 mihi
1210 1840 1274 1884 non
1298 1840 1428 1905 possum

306 1938 392 1997 reete
413 1931 525 1997 Latine
548 1933 612 1997 dici
638 1952 786 2020 ,emerge
810 1935 891 1998 me'’.

351 2048 369 2122 5
405 2047 446 2108 59
481 2052 559 2110 extr.
598 2048 715 2133 „istum
751 2048 946 2112 videtis...
977 2052 1079 2112 rostra
1102 2049 1171 2132 ipsa
1196 2046 1431 2128 mandentem'’‚

307 2178 389 2242 quae
424 2158 521 2224 verba
555 2158 787 2225 absurdissima
820 2162 997 2226 rectissime
1026 2163 1073 2225 sic
1105 2163 1199 2225 vertit
1221 2140 1429 2225 Marklandus

306 2293 334 2357 p.
360 2274 442 2336 355:
470 2278 540 2359 ,eat
563 2273 616 2337 the
640 2292 718 2355 very
736 2272 1007 2350 Rostra'',contra
1020 2293 1114 2358 quem
1130 2274 1332 2358 Gesneruep.
1347 2277 1426 2338 284:

309 2386 443 2472 „similis
485 2388 675 2469 pictura
717 2392 760 2450 et
802 2388 1101 2452 vehementia
1144 2391 1259 2452 estin
1295 2389 1427 2453 canibus

307 2498 418 2581 Clodii,
448 2500 477 2562 h.
499 2518 535 2581 e,
565 2499 696 2580 rabulis,
718 2499 834 2564 Rostra
856 2503 926 2584 ipsa
950 2501 1185 2584 mandentibus,
1209 2522 1339 2585 quam
1364 2502 1428 2566 ad·

306 2614 469 2675 mirari
504 2614 657 2676 satius
692 2618 783 2695 est,
819 2633 949 2697 quam
990 2615 1373 2698 reprehendere.'’

349 2833 482 2916 Iamque
517 2835 645 2900 tandem
681 2837 855 2920 aliquando
878 2838 975 2902 finem
1000 2839 1163 2922 imponere
1187 2836 1264 2902 libet
1287 2837 1429 2900 infinitae

304 2946 380 3010 huic
403 2949 645 3012 enumerationi.
670 2950 722 3013 Ad
745 2949 808 3014 alie
831 2953 916 3014 enim
940 2951 1186 3035 properandum.

835 3140 907 3216 54.

349 3286 493 3350 Voculae
516 3287 690 3353 nonnullae
713 3293 878 3373 tantopere
895 3291 931 3352 in
952 3289 1075 3353 deliciis
1088 3292 1164 3354 sunt
1176 3290 1299 3352 auctori
1311 3292 1427 3368 nostro,

306 3404 342 3464 ut
376 3402 433 3464 vix
468 3419 505 3464 ac
535 3420 575 3465 ne
606 3402 663 3463 vix
687 3402 816 3485 quidem
840 3403 1021 3467 vehementi
1046 3405 1147 3486 possit
1168 3403 1317 3468 resistere
1340 3403 1427 3486 cupi-

305 3514 372 3577 dini
402 3515 436 3577 in
471 3533 582 3578 omnes
611 3514 679 3578 fere
701 3517 875 3580 sententias
899 3536 974 3581 suas
997 3535 1050 3580 eas
1074 3517 1255 3580 invehendi.
1277 3515 1427 3600 Inprimis

305 3628 842 3713 hicspectovocabulapaene,
866 3649 1027 3715 prope,
1051 3630 1429 3709 diimmortaleS,

305 3743 521 3826 divinus,
556 3761 648 3826 quae,
682 3749 719 3806 ut
753 3745 956 3827 saepiuscule
990 3745 1075 3828 apud
1105 3746 1209 3828 ipsum
1243 3742 1424 3808 Ciceronem

305 3860 487 3939 occurrunt,
521 3857 565 3920 ita
599 3856 685 3940 apud
719 3863 865 3920 nostrum
900 3862 965 3921 tam
997 3856 1182 3941 frequenter
1204 3857 1368 3940 leguntur,
1392 3860 1427 3919 ut

305 3971 355 4036 vel
389 3991 431 4037 ex
465 3990 529 4034 una
564 3971 623 4034 heo
657 3989 693 4035 re
727 3972 885 4055 suspicari
920 3975 994 4054 quis
1028 3973 1138 4055 possit,
1160 3972 1352 4035 imitatorem
1376 3971 1426 4033 hio

303 4085 409 4168 loqui;
446 4085 572 4166 etenim,
607 4090 644 4149 ut
677 4089 762 4150 recte
797 4089 907 4150 monet
941 4105 971 4148 v.
1002 4085 1032 4148 d.
1062 4084 1283 4149 Boissier
1306 4088 1340 4166 1),
1367 4102 1423 4171 „en

338 4341 366 4407 l)
385 4343 576 4410 Boissier,
594 4343 645 4395 Cio.
663 4348 689 4394 et
709 4359 751 4396 ses
768 4345 855 4397 Amis⁹
873 4362 897 4411 p.
916 4345 981 4412 295;
1000 4347 1032 4397 cl.
1049 4345 1208 4406 Quintil.
1226 4345 1246 4394 Ι.
1264 4340 1427 4410 0.X2§ltl:
