3288 5186
887 612 928 675 50

384 800 403 882 5
430 801 471 864 39
498 799 599 881 „Nam
622 801 763 884 corporis
788 800 917 883 quidem
938 800 1038 865 nostri
1056 797 1227 862 infirmitas
1241 796 1358 861 multos
1372 795 1462 860 subit

341 933 436 977 casus
471 933 527 998 per
562 932 613 993 se;
645 914 783 997 denique
813 915 920 997 ipsum
952 932 1069 996 eorpus
1094 912 1283 976 tenuissima
1307 911 1345 974 de
1369 929 1465 973 causa

342 1046 435 1111 saepe
466 1026 649 1091 conficitur:
676 1027 808 1091 deorum
833 1027 897 1091 tela
919 1028 952 1089 in
976 1028 1149 1111 impiorum
1174 1024 1335 1090 mentibus
1360 1023 1464 1108 figun-

342 1139 426 1204 tur.’'
451 1179 491 1188 -
517 1139 718 1225 Quamquam
744 1141 825 1205 bene
848 1141 999 1225 intellego
1020 1140 1162 1205 Markl
1177 1140 1298 1205 andu
1312 1159 1342 1202 m
1364 1139 1463 1202 nimio

341 1256 507 1338 ingeniose
540 1255 673 1319 ludendi
708 1275 815 1320 amore
850 1256 909 1320 hoo
940 1256 1051 1320 saltem
1076 1257 1146 1319 looo
1169 1257 1202 1318 in
1227 1256 1376 1338 iniquum
1396 1271 1464 1316 esse

343 1368 509 1453 abreptum
543 1369 699 1433 iudicium
737 1390 838 1454 quum
874 1371 921 1435 sie
954 1371 1078 1434 ioeetur
1113 1374 1152 1454 (p.
1186 1369 1280 1447 352):
1316 1366 1377 1449 „So
1397 1367 1463 1430 that

344 1480 417 1546 Man
453 1482 518 1545 will
553 1482 889 1548 consistolThree
913 1481 1466 1568 parts,Infirmity‚Body‚

343 1596 406 1659 and
441 1593 593 1678 Soul,''
627 1602 733 1660 tamen
770 1598 847 1660 mihi
884 1617 1015 1682 quoque
1050 1598 1289 1682 imperitissime
1319 1601 1385 1660 tres
1408 1595 1463 1657 hae

343 1711 490 1774 notiones
513 1712 597 1774 inter
620 1729 655 1774 se
678 1714 796 1795 opponi
819 1712 978 1777 videntur.

875 1900 946 1981 52.

388 2048 426 2112 In
451 2050 601 2114 omnibus
624 2052 713 2116 hisee
736 2051 935 2116 orationibus
959 2052 1046 2116 haud
1070 2070 1191 2135 paucae
1206 2054 1388 2115 *occurrunt
1412 2048 1462 2112 ab·

345 2181 442 2226 sonae
477 2165 620 2228 eiusdem
656 2166 743 2229 vocis
774 2165 991 2230 eorundemve
1013 2164 1242 2230 vocabulorum
1266 2165 1461 2240 iterationes3

345 2294 409 2338 non
441 2296 512 2340 raro
539 2279 677 2361 pessima
700 2278 866 2342 offendunt
889 2297 997 2343 aurem
1022 2279 1191 2362 cacophata
1214 2296 1251 2341 aa
1274 2277 1463 2359 tautologiae

341 2388 573 2470 intolerabiles3
598 2391 691 2454 ouius
715 2393 761 2455 rei
785 2393 942 2455 nonnulla
965 2393 1017 2456 hio
1040 2392 1169 2456 afferam
1193 2391 1348 2474 exempla.

384 2503 418 2564 in
449 2502 568 2567 Senatu
596 2504 615 2585 5
641 2505 659 2567 9
683 2505 794 2568 consul
822 2543 862 2552 -
887 2507 1050 2570 consulari
1076 2543 1116 2552 -
1137 2506 1300 2570 consulari
1324 2543 1365 2550 —
1391 2523 1461 2568 eon·

342 2616 444 2681 sulem
472 2655 511 2664 -
536 2620 650 2683 consul
674 2657 715 2664 —
740 2619 930 2685 oonsulibus
956 2659 996 2666 —
1022 2621 1137 2684 consul
1162 2657 1202 2666 -
1227 2619 1384 2684 consules.

388 2729 406 2810 5
432 2731 468 2793 31
496 2734 673 2796 mutatione
697 2735 795 2797 vestis
821 2770 861 2779 -
886 2740 1010 2799 mutare
1036 2740 1155 2799 vestem
1179 2771 1220 2780 -
1235 2739 1324 2798 veste
1337 2736 1461 2795 mutata.

386 2844 424 2906 ad
451 2842 538 2920 Quis.
564 2847 582 2928 5
607 2848 710 2909 2-4:
736 2848 956 2932 voluptate-
989 2849 1144 2932 voluptati
1172 2885 1211 2894 —
1237 2846 1461 2931 voluptatis-

343 2956 517 3041 voluptatis
542 2997 582 3005 -
604 2960 785 3044 voluptatis.

388 3071 406 3152 5
433 3071 472 3133 16
497 3072 643 3156 princeps
669 3111 708 3119 -
733 3076 889 3159 princepe.

389 3186 407 3267 5
433 3186 452 3249 9
475 3188 656 3269 superiores
682 3225 720 3233 -
746 3191 936 3272 superiores.

388 3300 427 3364 de
450 3299 543 3364 domo
568 3301 586 3382 5
612 3302 653 3363 85
674 3303 776 3366 civem
798 3340 838 3347 —
860 3303 940 3367 aivis
955 3340 995 3348 -
1008 3304 1112 3368 nivem
1126 3341 1166 3349 -
1180 3303 1283 3368 civem
1299 3341 1339 3349 —
1354 3305 1460 3367 civem.

387 3413 426 3476 de
449 3413 514 3476 har.
538 3432 620 3498 resp.
645 3414 664 3495 5
688 3415 707 3476 2
732 3414 846 3478 deinde
868 3417 1028 3500 respexit.
1042 3466 1049 3481 .
1063 3466 1091 3480 ..
1116 3419 1249 3501 aspexit.

389 3527 407 3608 5
432 3529 451 3591 3
475 3529 629 3615 rationem
655 3529 809 3592 —ratio

386 3644 404 3720 5
429 3643 510 3726 8sq.
541 3644 722 3708 contionem
749 3681 787 3690 -
813 3645 972 3709 contionis
997 3683 1038 3693 -
1062 3647 1211 3711 contione
1236 3684 1276 3694 -
1302 3649 1460 3710 contiona-

342 3760 395 3819 tus
420 3793 460 3803 -
486 3759 592 3820 contio
617 3795 658 3804 —
683 3759 896 3822 contione-
922 3761 1029 3823 contio
1054 3798 1094 3808 -
1120 3762 1277 3825 contione.

387 3873 406 3948 5
433 3870 470 3933 ll
507 3871 635 3935 iudiciis
670 3871 820 3936 omnibus
853 3872 986 3937 liberata
1017 3874 1051 3936 in
1074 3875 1134 3938 hao
1159 3874 1238 3939 urbe
1262 3875 1329 3939 sola
1352 3881 1402 3940 est
1431 3911 1462 3920 -

343 3985 411 4048 sola
432 3986 466 4047 in
491 3985 550 4048 hac
573 3985 730 4049 urbe...
756 3985 906 4051 omnibus
930 3987 1058 4052 iudiciis
1082 3987 1217 4053 liberata
1240 3994 1296 4053 est.

388 4101 406 4177 5
433 4099 472 4160 15
497 4101 655 4162 munitam
680 4136 722 4145 —
747 4103 882 4164 munita.

387 4213 470 4290 521
508 4212 683 4276 observatis
710 4250 749 4259 -
774 4219 907 4278 servata.
945 4213 1082 4298 „Omnia
1116 4216 1284 4280 sollemnia
1316 4236 1353 4280 ao
1382 4217 1463 4280 iusta

341 4326 493 4390 ludorum
525 4325 676 4390 omnibus
699 4325 795 4390 rebus
819 4326 1095 4394 observatis
1120 4350 1246 4394 summa
1270 4349 1345 4394 eum
1369 4329 1463 4394 oaen'·
