3274 5192
567 1644 731 1718 CAPUT
770 1645 978 1720 PRIMUM.

255 2173 441 2256 Postquam,
464 2174 568 2257 priore
591 2176 680 2256 parte
703 2173 825 2236 saeculi
848 2171 974 2254 XVIII,
999 2174 1032 2235 in
1052 2174 1157 2237 lucem
1179 2174 1339 2257 prodierat

210 2286 337 2352 Bentlei
373 2287 553 2351 dissertatio
588 2287 627 2350 de
663 2287 807 2370 epistolis
840 2306 923 2369 quae
953 2286 1108 2351 dicuntur
1131 2287 1338 2370 Phalarideis,

212 2401 244 2462 in
280 2420 344 2483 quo
374 2399 458 2463 libro
490 2404 610 2463 tantam
634 2401 684 2462 vir
706 2399 947 2464 illustrissimus
971 2400 1152 2464 ostenderat
1174 2400 1338 2464 doctrinae

211 2516 335 2598 copiam
367 2519 554 2597 tantamque
577 2514 676 2578 aciem
701 2514 869 2595 acuminis,
894 2519 1016 2577 utnon
1041 2514 1134 2577 modo
1159 2513 1198 2577 ab
1222 2534 1338 2597 aequa·

210 2628 295 2692 libus
331 2648 457 2692 summa
491 2630 689 2712 acciperetur
721 2629 947 2712 legereturque
981 2629 1198 2711 admiratione,
1224 2649 1336 2693 verum

212 2746 249 2806 ut
283 2742 445 2807 hodiernis
482 2760 612 2826 quoque
646 2743 816 2826 philologis
849 2744 1034 2826 speciminis
1066 2743 1107 2806 sit
1138 2745 1240 2806 instar
1266 2745 1337 2808 eius

212 2858 345 2920 rationis
380 2877 445 2940 qua
482 2855 616 2938 „altior”
651 2876 733 2940 quae
768 2856 859 2920 audit
889 2876 940 2920 ars
972 2858 1086 2940 critica
1104 2859 1214 2940 possit,
1237 2859 1337 2921 immo

212 2969 325 3033 debeat
359 2972 566 3034 exerceri-
591 2988 655 3034 non
691 2974 740 3034 est
775 2969 862 3053 quod
897 2972 1061 3052 miremur,
1085 2971 1160 3033 huic
1182 2971 1271 3035 illive
1295 2990 1337 3036 ex

212 3083 337 3148 Bentlei
371 3069 421 3148 vel
456 3084 687 3167 discipulorum
723 3085 774 3148 vel
805 3085 989 3167 aequalium
1012 3085 1177 3148 iuniorum
1202 3105 1336 3150 numero

213 3201 319 3260 natam
343 3216 413 3261 esse
438 3199 666 3281 suspicionem,
689 3199 773 3261 inter
795 3202 899 3261 cetera
923 3216 1006 3280 quae
1029 3202 1164 3262 aetatem
1185 3199 1336 3263 tulissent

212 3316 357 3375 veterum
394 3300 601 3374 monumenta
635 3311 734 3374 latere
766 3309 865 3373 libros
889 3310 1064 3375 nonnullos
1088 3313 1215 3395 spurios
1239 3319 1338 3396 atque

212 3422 394 3487 subdititios
419 3425 474 3507 qui
494 3423 610 3488 iudicis
631 3426 830 3488 severitatem
853 3428 1059 3507 expectarent
1071 3425 1122 3487 vel
1135 3427 1230 3489 ctiam
1244 3445 1337 3509 aegre

212 3535 438 3601 desiderarent.
473 3537 514 3602 ut
538 3557 648 3603 revera
671 3539 828 3621 videmus,
852 3558 889 3603 eo
912 3552 1055 3623 tempore
1080 3541 1167 3623 quod
1191 3543 1338 3624 proxime

212 3650 408 3732 sequebatur
431 3651 559 3717 Bentlei
582 3657 726 3735 aetatem,
748 3653 836 3716 haud
859 3673 978 3736 paucos
1002 3656 1183 3718 surrexisse
1203 3655 1337 3738 philolo-

210 3783 269 3847 gos
293 3803 335 3813 —
361 3771 396 3829 ut
431 3767 489 3830 hac
525 3771 598 3830 utar
629 3785 708 3831 voce
732 3804 773 3814 —
799 3770 855 3850 qui
887 3767 967 3829 nihil
991 3769 1158 3851 antiquius
1182 3768 1336 3833 haberent

212 3897 309 3960 quam
340 3883 377 3942 ut
400 3880 519 3943 summi
543 3881 688 3964 magistri
711 3881 770 3943 hac
793 3881 826 3942 in
850 3898 885 3944 re
908 3886 1089 3964 premerent
1114 3882 1258 3963 vestigia.
1282 3880 1335 3945 Sic

211 3989 264 4054 A⁰.
299 3994 382 4056 1741
417 3994 478 4058 Iac.
509 3994 697 4058 Tunstallus
728 3995 762 4057 in
787 3993 931 4078 Epistola
954 3994 994 4057 ad
1017 3993 1251 4084 MIddletonum
1275 3994 1334 4059 La-

210 4107 277 4170 tine
312 4108 431 4190 scripta
465 4107 683 4196 demonstrare
719 4114 853 4171 conatus
885 4112 941 4189 cst,
973 4106 1133 4191 Epistolas
1169 4106 1334 4186 Ciceronis

210 4219 250 4282 ad
273 4219 411 4283 Brutum
436 4225 468 4285 et
489 4221 584 4285 Bruti
608 4222 649 4285 ad
673 4218 869 4303 Ciceronem,
893 4241 1032 4304 quarum
1055 4221 1150 4285 fidem
1175 4240 1277 4304 aeque
1298 4242 1334 4285 ac

209 4332 407 4416 reliquarum
444 4334 650 4419 epistolarum
686 4332 967 4398 Ciceronianarum
992 4341 1104 4399 auctor
1125 4333 1221 4400 Vitae
1246 4334 1334 4400 Cice·

1215 4445 1228 4496 l
