3288 5186
853 651 895 714 60

355 833 465 918 Longe
488 834 579 900 aliter
601 854 666 900 rem
691 856 725 901 se
749 836 865 901 habere
889 856 915 900 e.
928 858 956 921 g.
982 857 1038 921 pro
1062 836 1155 902 Rosc.
1177 838 1248 900 Am.
1264 838 1326 901 103
1343 856 1436 919 ,eum

312 950 473 1014 hominem
498 950 708 1014 occidendum
733 949 879 1015 curavit'’
904 953 1012 1036 quivis
1037 951 1132 1015 videt.

357 1063 420 1143 §6
455 1064 562 1148 ,quod
594 1083 669 1128 cum
699 1065 777 1127 mihi
802 1065 1014 1147 nuntiaretur,
1041 1067 1140 1129 scio
1164 1083 1215 1129 me
1239 1064 1325 1127 domi
1349 1085 1436 1127 man-

312 1174 423 1242 sisse.’'
518 1239 522 1246 .

357 1289 514 1376 Displicet
538 1289 671 1355 verbum
696 1294 804 1356 scio.

356 1409 375 1484 5
402 1406 441 1468 13
479 1406 549 1486 „his
584 1410 680 1487 atque
714 1406 873 1470 eiusmodi
906 1404 1043 1470 ducibus
1075 1425 1149 1469 cum
1172 1411 1208 1468 tu
1233 1407 1266 1468 in
1291 1425 1436 1471 annonae
1515 1401 1518 1405 '

311 1521 442 1584 caritate
465 1521 499 1582 in
522 1520 681 1600 consules,
703 1522 737 1583 in
763 1522 964 1599 senatum,in
979 1518 1436 1603 bonafortunasquelocuple-

311 1636 392 1699 tium
416 1653 495 1718 per
518 1654 658 1698 eausa
673 1655 701 1697 m
727 1636 859 1718 inopum
885 1642 983 1719 atque
1007 1637 1229 1719 imperitorum
1252 1636 1436 1717 repentinos

310 1749 450 1831 impetus
474 1746 706 1832 compararee.”
731 1748 803 1811 Non
828 1750 922 1813 credo
946 1748 1060 1832 Latine
1083 1750 1143 1812 hoc
1167 1748 1229 1812 dici
1252 1767 1354 1832 posse.

355 1863 439 1941 §22
475 1860 671 1926 infinitivum
711 1863 792 1926 male
825 1883 1020 1947 suspensum
1055 1865 1251 1947 „gratulari”
1288 1883 1436 1949 perverse

310 1995 347 2040 ac
369 1974 489 2039 frustra
513 1975 682 2040 defendere
705 1977 813 2041 studet
836 1975 1012 2041 Ruecki
1028 1998 1075 2042 us
1100 1998 1130 2062 p.
1157 1978 1198 2041 50
1223 1979 1328 2043 allatis
1342 1979 1433 2062 quin·

309 2107 372 2172 que
394 2089 472 2152 locis
496 2108 536 2153 ex
550 2139 557 2152 .
570 2138 577 2152 .
591 2137 618 2153 ..
644 2089 787 2155 Caesaris
812 2091 851 2154 de
875 2091 957 2156 bello
983 2091 1124 2155 Gallico!

356 2204 440 2282 §24
471 2203 630 2268 Inusitata
665 2205 795 2268 offendit
830 2205 949 2268 locutio
988 2206 1189 2286 „rescindere
1223 2204 1434 2290 provincias.”

311 2316 551 2382 Rescinduntur
574 2323 765 2383 testamenta
788 2323 881 2397 (verr.
906 2318 922 2381 Ι
948 2319 1033 2402 lll),
1055 2321 1219 2403 pactiones
1239 2322 1434 2404 (proucons.

314 2431 383 2512 10);
406 2433 600 2496 rescinditur
623 2438 770 2516 praetura
793 2437 888 2511 (verr.
912 2432 944 2495 Π
973 2435 1057 2514 140),
1075 2434 1167 2498 locus
1189 2434 1259 2518 (leg.
1274 2455 1341 2518 agr.
1353 2434 1435 2497 1113

314 2563 407 2625 „eum
444 2549 631 2609 locum...
658 2565 708 2611 me
744 2546 825 2610 duce
857 2546 1074 2629 rescidistis”),
1098 2548 1254 2612 iudicium
1280 2547 1381 2629 (Verr.
1408 2548 1436 2612 V

312 2658 371 2740 19;
396 2658 455 2739 20;
481 2657 604 2723 Cluent.
629 2659 688 2738 603
713 2659 795 2723 Phil.
819 2659 835 2722 Ι
860 2661 918 2740 23;
943 2659 976 2723 ΙΙ
1002 2661 1081 2740 109;
1106 2660 1428 2746 X1115);nusquam

310 2777 416 2837 autem
442 2774 527 2857 apud
549 2773 692 2838 Tullium
715 2775 944 2839 rescinduntur
968 2777 1161 2859 provinciae.

355 2884 466 2949 Ibid.
493 2888 550 2968 ,si,
581 2907 663 2971 quae
687 2894 756 2952 tum
780 2887 999 2972 promulgasti,
1025 2889 1228 2971 constituisti,
1252 2889 1435 2972 promisisti,

313 3000 493 3082 vendidisti,
524 3001 740 3084 perferre
771 3000 952 3087 potuisses''
977 3021 1002 3067 e.
1017 3023 1045 3086 q.
1059 3022 1083 3066 s.
1107 3001 1247 3086 Zeugma
1270 3021 1433 3086 perperam

310 3113 495 3177 institutum
519 3114 725 3198 deprehendit
748 3115 885 3180 Wolfius
910 3121 994 3180 recte
1018 3115 1193 3180 observans
1216 3114 1433 3199 „perferendi”

311 3225 445 3290 verbum
481 3227 521 3290 ad
555 3230 805 3292 remotissimum
842 3230 1064 3294 tantummodo
1087 3232 1246 3314 pertinere
1274 3229 1433 3313 ,promul-

310 3339 430 3424 gandi”
454 3340 607 3421 verbum3
631 3345 744 3406 ceteris
769 3362 844 3407 vero
868 3344 1061 3428 respondere
1087 3341 1277 3428 „perficere”
1302 3345 1353 3407 vel
1374 3344 1435 3407 tale

311 3455 397 3538 quid.
430 3454 532 3531 Quem
556 3455 695 3521 refutare
719 3476 824 3541 neque
848 3459 930 3522 valet
955 3458 1119 3522 Savelsius
1143 3477 1249 3551 neque
1272 3457 1434 3523 Rueckiue

311 3588 339 3652 p.
365 3569 405 3632 56
429 3569 542 3650 (,nihil
565 3571 695 3633 invenio
719 3570 806 3653 quod
829 3570 1041 3654 defendam”).

280 3754 284 3761 ,
355 3688 374 3762 g
398 3685 439 3746 25
471 3681 638 3760 Quomodo
669 3702 687 3748 e
711 3684 817 3749 verbis
844 3687 950 3766 ,socio
973 3687 1022 3750 tui
1047 3685 1240 3770 sanguinis'’
1263 3688 1340 3752 haec
1364 3687 1434 3751 elici

312 3798 412 3880 possit
434 3796 624 3882 significatio
650 3818 746 3883 quam
770 3801 804 3862 in
828 3801 869 3863 iis
887 3801 994 3864 inesse
1006 3801 1170 3864 contendit
1192 3799 1434 3866 Manutius

311 3913 401 3998 („qui
427 3910 485 3974 tibi
510 3913 617 3976 socius
641 3918 708 3975 erat
730 3913 764 3975 in
789 3913 875 3996 turpi
899 3932 1006 3977 amore
1029 3905 1148 3979 sororis
1174 3912 1281 3994 tuae”)
1307 3915 1434 3979 videant

311 4028 372 4090 alii.
407 4026 516 4111 Siquis
550 4027 685 4111 prolixis
717 4027 893 4091 delectatur
928 4047 1068 4112 vereque
1104 4028 1302 4093 Germanicis
1327 4029 1433 4112 dispu-

311 4140 494 4222 tationibus,
517 4143 545 4206 is
569 4141 661 4205 adeat
683 4140 869 4205 Klotzii
892 4143 931 4206 ad
956 4143 1042 4205 hunc
1066 4142 1171 4206 locum
1196 4144 1432 4206 annotationem

310 4255 353 4342 (p.
380 4255 523 4339 tlttsqt

350 4368 366 4432 Ι
379 4368 421 4432 bi
435 4368 463 4432 d.
490 4371 667 4452 „excitatus
680 4419 686 4432 .
701 4420 706 4432 .
720 4419 726 4432 .
741 4421 747 4433 .
773 4369 828 4435 On.
852 4370 1022 4456 Pompei..
1037 4420 1042 4434 .
1057 4420 1063 4434 .
1088 4372 1178 4436 dolor
1199 4369 1358 4436 subvenit
1370 4371 1432 4433 rei·
