3288 5186
748 626 788 689 61

203 816 351 901 publicae
382 818 689 899 civitatemque...
713 814 845 880 erexit.’'
870 813 954 878 Male
977 815 1054 880 haec
1078 834 1229 899 expressa
1257 821 1334 880 sunt

204 949 222 995 e
246 930 410 994 Sestianae
433 935 452 1008 5
478 931 528 992 67.
894 1005 896 1009 Ι

250 1045 269 1126 5
294 1044 334 1107 31
360 1043 458 1107 Η666
481 1044 589 1106 locum
613 1044 731 1107 excitat
756 1041 965 1106 Marklandus
988 1061 1017 1124 p.
1032 1042 1095 1104 231
1110 1060 1156 1125 sq.
1178 1046 1334 1125 tanquam

205 1159 368 1241 specimen
403 1157 624 1241 „eloquentiae
647 1155 835 1219 fluctuantis
859 1160 890 1219 et
913 1153 1084 1218 dissoluti'’
1109 1155 1160 1236 (ad
1184 1153 1260 1219 Her.
1286 1154 1334 1218 lv

207 1272 225 1352 5
253 1270 312 1353 16),
339 1272 521 1355 „wavering
544 1266 753 1354 Eloquence”.
778 1269 816 1333 cf.
840 1269 880 1332 ad
903 1272 922 1348 5
949 1270 1022 1332 133.

250 1387 269 1462 5
292 1384 334 1447 40
362 1385 609 1468 „praecipitante
633 1381 822 1447 tribunatu''
846 1383 930 1446 idem
955 1383 985 1445 h.
999 1382 1018 1445 l.
1043 1387 1074 1445 et
1098 1381 1137 1445 de
1160 1382 1226 1446 har.
1251 1402 1333 1467 resp.

207 1497 248 1562 50
284 1498 390 1562 valere
425 1498 554 1562 videtur
577 1497 663 1580 quod
690 1497 749 1578 „ad
772 1495 869 1560 finem
893 1495 1046 1576 ruento'’;
1072 1515 1234 1581 nusquam
1258 1497 1335 1561 alibi
1382 1553 1383 1558 ,

207 1630 244 1674 eo
275 1609 385 1676 sensu
404 1610 530 1674 obviam
555 1613 589 1675 in
614 1610 777 1675 Ciceronis
801 1610 1018 1675 orationibus:
1044 1629 1171 1694 semper
1194 1613 1277 1675 enim
1304 1617 1336 1676 et

206 1725 327 1808 ubique
350 1724 509 1809 significat
533 1726 553 1788 i.
568 1746 597 1809 q.
619 1723 900 1806 „herabstiirzen''‚
920 1725 1015 1788 etiam
1029 1743 1053 1787 6.
1068 1745 1097 1808 g.
1111 1723 1188 1788 Sull.
1206 1727 1220 1786 1
1237 1731 1268 1790 et
1283 1726 1334 1788 87.

250 1844 269 1918 5
293 1840 334 1903 60
362 1838 562 1922 „hostificum
588 1837 729 1902 bellum”
750 1833 837 1912 ἅπαξ
848 1837 1005 1915 λεγόμενον
1018 1840 1135 1901 mirum
1151 1839 1336 1903 admodum.

250 1955 358 2032 5124
393 1953 591 2036 „visceribus
615 1942 766 2034 aerarii'’;
791 1973 940 2037 perversa
964 1953 1157 2037 metaphora.
1183 1951 1226 2016 Cf.
1252 1973 1334 2037 quae

207 2069 357 2131 annotavi
382 2069 419 2131 ad
444 2069 478 2130 in
503 2087 568 2131 sen.
594 2071 613 2145 5
638 2071 666 2129 4.

251 2185 270 2259 5
307 2183 369 2244 133
405 2180 494 2245 Idem
531 2182 590 2244 hoc
626 2181 695 2244 loco
731 2180 941 2264 deprehendit
975 2181 1091 2244 vitium
1123 2179 1333 2244 Marklandus

208 2298 246 2380 (p.
272 2297 406 2378 23866.)
431 2315 467 2358 66
491 2299 510 2374 5
535 2296 586 2378 37,
610 2293 666 2358 ubi
690 2295 754 2358 vid.

252 2410 300 2476 De
336 2411 432 2475 verbo
470 2409 639 2492 „ades”
663 2412 733 2474 6166
757 2410 864 2473 dativo
889 2409 997 2473 addito
1021 2408 1060 2472 cf.
1085 2427 1110 2472 e.
1123 2429 1152 2492 g.
1177 2408 1333 2474 Kiess·

208 2525 309 2609 ling
343 2524 383 2589 ad
415 2523 492 2588 Hor.
525 2523 590 2588 Sat.
614 2524 631 2587 I
656 2525 684 2608 9,
710 2526 751 2588 38
778 2523 831 2606 „Si
856 2543 906 2588 me
929 2543 1027 2606 amas,
1049 2524 1166 2606 inquit,
1189 2523 1332 2607 paullum

208 2640 259 2702 hic
283 2634 387 2703 ades.'’

252 2757 270 2832 5
306 2755 348 2816 23
384 2753 413 2814 6.
446 2771 489 2815 or.
518 2752 628 2816 eadem
653 2751 788 2817 fortasse
811 2751 967 2816 vocabula
990 2756 1085 2815 erunt
1110 2750 1333 2815 substituenda

208 2866 313 2930 verbis
346 2866 471 2930 traditis
508 2865 674 2930 manifeste
704 2867 863 2949 corruptis
897 2884 957 2946 „ox
991 2866 1042 2929 sui
1067 2863 1211 2929 Caesaris
1236 2863 1333 2928 rebus

208 2979 324 3071 actis'';
361 2979 418 3044 ubi
449 2977 655 3064 Madvig,
686 2978 1112 3063 Adv.11216legendum
1138 2983 1246 3043 censet
1272 2997 1334 3060 „ex

209 3094 385 3159 visceribus
398 3093 543 3177 aerarii’,
555 3093 753 3178 improbante
763 3093 915 3176 Savelsio‚
928 3093 1137 3178 progr.Essen
1147 3095 1233 3157 1833
1243 3113 1272 3177 p.
1284 3093 1336 3156 18.

494 3281 550 3345 IV.
573 3279 624 3346 De
642 3279 860 3362 Haruspicum
884 3281 1049 3362 Responsa.

254 3435 314 3512 51
352 3431 531 3496 Verborum
558 3432 742 3494 coniunctio
770 3432 953 3515 „impudica
975 3432 1196 3516 impudentia'’
1221 3454 1333 3517 quam-

211 3568 305 3632 quam
342 3547 617 3632 inelegantissima
640 3546 719 3608 mihi
743 3546 879 3628 videtur,
902 3550 1019 3628 tamen,
1042 3547 1123 3611 lecta
1146 3546 1336 3629 Lahmeyeri

210 3665 248 3746 (p.
283 3664 326 3724 42
340 3665 397 3746 66.)
432 3660 626 3740 defensione,
661 3661 725 3722 iam
764 3678 826 3722 non
862 3679 936 3722 cum
970 3659 1158 3724 Marklando
1190 3659 1231 3745 (p.
1258 3664 1335 3744 332)

192 3775 391 3859 -Wolfioque
414 3772 519 3844 notatae
543 3774 604 3836 hoc
627 3773 697 3836 loco
720 3773 845 3837 odorari
872 3773 975 3837 audeo
995 3774 1160 3838 iudicium.
1181 3774 1335 3840 Perverse

209 3895 314 3955 autem
352 3891 421 3973 ipse
444 3889 498 3953 ille
520 3886 740 3968 Lahmeyerus
763 3889 846 3951 hanc
872 3887 1170 3969 „allitterationem”
1194 3888 1335 3953 defendit

208 4005 312 4068 allatis
335 4002 439 4066 tribus
462 3999 722 4066 exorationibus
745 4002 897 4085 genuinis
921 4000 999 4066 locis
1023 4001 1079 4065 ubi
1103 4002 1241 4086 legimus
1256 4024 1335 4088 „pu-

210 4118 276 4199 dor,
299 4115 483 4201 pudicitia’'.

253 4233 366 4296 Ibid.
404 4229 559 4314 „Duobus
594 4231 730 4313 inceptis
765 4227 892 4294 vorbis'’
916 4230 1023 4314 inepto
1048 4235 1095 4295 ost
1119 4232 1333 4296 enuntiatum.

210 4346 282 4414 Vid.
308 4364 391 4431 quae
415 4344 577 4429 disputavi
600 4363 666 4427 cap.
690 4343 707 4407 I
730 4364 759 4428 p.
785 4342 826 4405 16
840 4362 886 4427 66.
1267 4336 1269 4340 ’
