3288 5186
855 614 898 675 84

312 794 465 874 γιησιότης
490 798 711 863 corroboretur
735 806 831 882 atque
854 799 1060 864 confirmetur
1084 807 1129 865 tot
1141 804 1334 868 testimoniis
1348 805 1434 868 locu·

313 911 508 994 pletissimis
533 914 585 994 At,
610 915 636 976 si
660 915 755 997 paulo
781 916 980 979 accurratius
1005 917 1188 980 excutimus
1211 917 1375 982 rhetorum
1400 939 1435 982 ac

311 1029 591 1109 grammaticorum
618 1027 704 1091 hunc
728 1047 890 1108 acervum,
914 1030 1019 1091 statim
1045 1029 1158 1111 elucet,
1183 1030 1432 1095 diversissimam

312 1159 382 1204 esse
426 1143 585 1204 variorum
627 1141 741 1204 horum
777 1143 906 1205 testium
942 1145 1174 1224 auctoritatem,
1209 1147 1307 1208 immo
1340 1145 1434 1229 louge

313 1256 424 1318 maiori
460 1273 569 1318 eorum
607 1257 689 1338 parti
720 1255 798 1318 nihil
824 1257 955 1319 omnino
979 1275 1049 1319 esse
1074 1255 1293 1339 tribuendum,
1316 1259 1434 1341 quippe

311 1370 367 1450 qui
392 1375 454 1431 tam
478 1388 548 1431 sera
572 1369 713 1430 vixerint
735 1375 846 1448 aetate,
869 1374 999 1451 tamquo
1023 1370 1134 1453 procul
1160 1369 1353 1435 aOiceronis
1367 1391 1433 1434 sae·

310 1482 383 1544 culo
418 1488 547 1564 remota,
583 1488 619 1544 ut
653 1482 810 1545 ridiculus
846 1484 887 1546 sit
923 1483 1086 1565 putandus
1111 1485 1301 1566 quicunque
1324 1504 1432 1549 eorum

309 1597 403 1658 inuiti
429 1596 504 1659 velit
528 1597 711 1659 testimonio
736 1615 771 1658 ac
795 1596 914 1659 iudicio
938 1597 970 1658 in
995 1615 1029 1660 re
1053 1600 1117 1659 tam
1136 1595 1248 1660 subtili
1268 1617 1365 1680 qnam
1387 1605 1433 1662 est

309 1729 346 1772 ea
368 1711 401 1772 in
427 1729 491 1792 qua
516 1729 681 1773 versamur
696 1709 726 1790 ¹).
749 1709 829 1771 Mihi
852 1711 937 1772 enim
962 1728 1151 1792 persuasum
1176 1717 1233 1793 est,
1257 1731 1314 1794 pro
1334 1712 1433 1774 nihilo

308 1822 490 1886 habendum
514 1841 584 1886 esse
609 1824 752 1885 omnium
779 1842 887 1886 eorum
909 1824 1038 1886 testium
1063 1823 1262 1906 suffragium,
1277 1825 1333 1907 qni
1345 1826 1432 1888 vixe-

307 1941 385 2000 runt
426 1943 530 2020 post
572 1939 765 2020 primum
810 1942 1003 2000 nostrae
1038 1955 1143 2000 erae
1179 1939 1429 2001 saeculum.

309 2049 380 2126 Qua
414 2053 498 2114 enim
534 2053 657 2113 ratione
691 2058 754 2113 tam
787 2069 858 2113 sera
888 2051 1055 2133 posteritas
1080 2055 1201 2113 rectum
1227 2050 1288 2114 sibi
1310 2051 1430 2135 fingere

309 2166 447 2248 potuerit
477 2165 633 2227 iudicium
658 2165 691 2225 in
716 2182 749 2226 re
773 2164 867 2225 cuius
891 2162 1051 2226 subtilitas
1075 2165 1162 2246 ipsos
1186 2184 1429 2248 nonnumquam

309 2281 499 2362 scriptorum
525 2276 675 2360 aequales
698 2277 809 2341 fefellit
833 2282 930 2360 atque
954 2277 1103 2360 decepit?
1127 2275 1236 2353 Quid?
1257 2277 1373 2342 Nonne
1391 2277 1429 2342 ab

308 2392 405 2456 huius
429 2393 530 2456 nostri
553 2392 673 2455 saeculi
695 2391 865 2474 philologis
890 2391 1142 2455 demonstratum
1166 2398 1223 2472 est
1243 2393 1345 2475 primo
1366 2393 1427 2455 iam

307 2508 435 2570 saeculo
477 2513 548 2589 post
590 2505 732 2569 Platonis
772 2504 904 2586 obitum,
939 2504 1105 2568 subdititia
1139 2506 1326 2569 circumlata
1360 2525 1428 2570 esse

307 2623 424 2704 scripta
455 2639 537 2703 quae
560 2619 600 2682 ab
625 2618 775 2683 omnibus
798 2639 855 2702 pro
879 2638 953 2682 vere
976 2619 1150 2682 Platonicis
1174 2619 1391 2683 haberentur?
1405 2621 1427 2697 ²)

307 2733 415 2810 Quid?
452 2753 558 2797 nonne
592 2753 633 2796 ex
664 2734 843 2797 litterarum
867 2732 1084 2796 Romanarum
1110 2732 1242 2796 historia
1266 2733 1427 2797 luculenta

337 2968 366 3032 l)
385 2970 424 3017 Ita
451 2973 480 3018 ut
507 2967 653 3018 Rueclrium
680 2969 749 3019 hisce
776 2968 853 3018 velim
871 2969 1026 3031 compellare
1044 2966 1220 3016 Platonis
1238 2967 1324 3017 verbis
1342 2967 1429 3032 (Gorg.

303 3076 325 3111 c.
342 3060 375 3110 27
394 3075 418 3123 p.
435 3058 484 3109 472
494 3057 538 3122 B):
567 3057 592 3106 οὐ
620 3060 665 3118 γὰρ
682 3057 713 3106 σύ
731 3077 761 3118 με
779 3059 933 3123 ἀναγκάζεις,
951 3059 1018 3106 ἀλλὰ
1035 3055 1231 3118 ψευδομάρτυρες
1250 3061 1355 3115 πολλοὺς
1372 3058 1426 3107 κατ’

305 3145 364 3211 ἐμοῦ
389 3149 580 3211 παραυ-χυμένας,
597 3147 723 3210 ἐπιχειρεῖς
742 3149 871 3212 ἐκβάλλειν
889 3167 920 3209 με
939 3147 965 3198 ἐκ
983 3153 1030 3206 τῆς
1049 3147 1130 3204 οὐσίαις
1149 3150 1189 3197 nal
1207 3152 1250 3197 τοῦ
1268 3150 1377 3206 ἀληθοῦς,
1396 3178 1423 3186 -

303 3243 341 3293 Cf.
361 3242 411 3292 Cic.
430 3257 476 3306 pro
494 3242 567 3292 Font.
585 3257 605 3292 c.
627 3235 667 3291 to.
1191 3237 1192 3241 ’

335 3334 363 3399 2)
398 3333 453 3384 Vid.
480 3333 699 3393 Schaarsohmidt‚
725 3335 765 3384 die
791 3334 899 3384 Samml.
927 3335 951 3385 d.
979 3334 1074 3396 platon.
1100 3329 1242 3395 Schriften,
1268 3347 1315 3382 zur
1341 3331 1426 3382 Schei-

260 3436 265 3442 '
302 3428 373 3490 dung
400 3427 446 3476 der
470 3425 562 3474 echten
589 3439 638 3474 von
662 3425 713 3474 den
731 3425 865 3475 Unechten
884 3426 1047 3489 untersucht,
1069 3425 1141 3474 Bonn
1159 3423 1226 3474 1866
1245 3439 1269 3488 p.
1287 3423 1332 3474 88:
1352 3423 1425 3491 „Wir

302 3519 391 3568 lernen
418 3519 471 3566 also
497 3531 545 3566 aus
570 3517 613 3566 des
640 3517 765 3580 Diogenes
791 3516 865 3565 Notiz
892 3516 933 3565 die
956 3517 1075 3580 wichtige
1092 3515 1244 3581 Thatsache‚
1262 3517 1321 3565 dass
1339 3516 1422 3565 hun-

300 3612 383 3660 dert
409 3610 520 3660 Jahre
544 3607 800 3658 nachPlato’s
819 3607 986 3657 Todedie
1008 3606 1424 3672 Schriftensammlung

300 3703 361 3752 des
390 3701 644 3764 Philosophen
671 3701 783 3749 sehon
811 3700 877 3749 mit
902 3699 1077 3748 lalschen
1106 3698 1268 3749 Stiiclren
1301 3703 1423 3749 unter-

301 3808 376 3843 men
387 3799 422 3858 gt
440 3793 535 3842 war.’'
554 3792 670 3855 Exempli
687 3796 776 3840 autern
794 3791 877 3856 gratia
894 3791 922 3839 in
941 3791 1092 3839 memoriam
1111 3804 1229 3839 revocare
1241 3785 1423 3852 velimlectori‚

297 3885 426 3949 Theagem
451 3913 481 3920 -
510 3899 590 3950 quern
614 3884 745 3947 dialogum
771 3884 890 3945 ineptum
916 3896 1006 3932 omnes
1024 3881 1104 3931 huius
1122 3882 1215 3931 saeculi
1235 3882 1284 3930 viri
1301 3881 1351 3945 dd.,
1370 3895 1421 3930 uno

297 3976 465 4025 dissentiente
482 3955 599 4037 Grote,
617 3989 663 4036 pro
679 3974 767 4036 spurio
784 3973 881 4023 habent
905 4001 932 4009 -
949 3988 964 4021 a
982 3959 1103 4023 Gellio
1122 3971 1155 4022 N.
1175 3973 1204 4022 A.
1227 3972 1288 4022 Xlll
1298 3971 1339 4036 19,
1358 3971 1421 4035 lsq.

297 4081 342 4129 pro
358 4066 471 4128 genuino
487 4065 586 4114 laudari
614 4064 712 4114 Gellius
729 4065 799 4113 enim
818 4063 892 4113 allent
909 4063 1003 4128 Theag.
1021 4079 1045 4127 p.
1055 4063 1106 4112 125
1118 4065 1134 4112 Β
1145 4063 1324 4128 (librariorum
1334 4069 1420 4113 autern

296 4171 382 4205 errore
400 4171 446 4219 pro
463 4155 605 4221 „Theagis”
622 4154 754 4204 Theaeteti
773 4156 876 4218 irrepsit
893 4170 987 4204 nomen
1006 4155 1149 4218 usitatius).
1167 4155 1251 4203 Immo
1269 4155 1323 4218 ipse
1341 4153 1421 4202 Thra-

297 4247 379 4312 syllus
395 4247 422 4295 in
441 4245 535 4296 celebri
553 4247 738 4310 tetralogorum
756 4247 878 4312 catalogo,
895 4247 1035 4310 composito
1052 4246 1142 4310 paucis
1159 4261 1182 4308 p.
1193 4245 1219 4295 C.
1230 4260 1256 4295 n.
1275 4245 1359 4309 annis,
1376 4258 1421 4309 pro

297 4352 358 4389 vere
375 4338 506 4388 Platonico
524 4342 550 4387 et
568 4339 639 4387 hunc
656 4338 733 4387 habet
750 4339 882 4404 dialogum
899 4343 925 4388 et
942 4339 1014 4404 alios,
1032 4338 1138 4402 perinde
1155 4337 1312 4388 subdititios.
