3288 5186
778 916 887 982 XXV.

311 1127 406 1192 Errat
441 1149 471 1194 v.
508 1129 536 1193 d.
572 1129 778 1194 Burolrhardt
804 1130 860 1194 ubi
884 1129 996 1194 scribit
1019 1129 1237 1209 (Grieohische
1260 1128 1397 1194 Kultur·

270 1242 422 1324 senicius,
451 1242 497 1306 ed.
524 1241 599 1307 Oeri
625 1244 710 1307 1898
735 1242 768 1306 ΙΙ
792 1263 819 1327 p.
847 1244 939 1325 289):
968 1243 1150 1326 „Wtihrend
1174 1263 1209 1308 es
1232 1243 1330 1308 kaum
1355 1263 1397 1307 zu

267 1353 405 1436 glauben
441 1357 490 1426 ist,
515 1357 587 1420 dass
613 1358 831 1440 spartanisohe
855 1357 1005 1441 Ephoren
1032 1358 1097 1421 und
1123 1357 1258 1421 attisohe
1281 1343 1398 1421 Dema·

267 1487 371 1551 gogen
394 1469 447 1532 fiir
471 1469 626 1554 Hypnose
651 1471 864 1555 empfinglioh
888 1471 1058 1555 gewesen'’
1071 1520 1078 1534 .
1093 1521 1099 1534 .
1113 1520 1142 1536 ..

771 1730 896 1796 XXVI.

313 1937 528 2004 Vehementer
550 1946 634 2005 errat
657 1963 687 2005 v.
712 1942 740 2005 d.
766 1943 1064 2027 BoucheLeoleroq
1084 1942 1227 2007 scribens
1241 1941 1396 2022 (Histoire

269 2049 308 2115 de
332 2051 363 2115 la
387 2050 574 2117 Divination
599 2055 679 2119 dans
702 2054 724 2118 l’
737 2056 907 2141 Antiquite
929 2057 1045 2120 11879
1058 2077 1086 2141 p.
1100 2058 1171 2137 38):
1197 2055 1241 2136 „0
1254 2074 1272 2118 o
1286 2075 1317 2118 m
1331 2074 1362 2117 m
1377 2073 1396 2118 e

268 2163 544 2249 Pherecyde
579 2168 630 2232 de
666 2168 819 2252 Syros,
842 2172 1036 2255 Anaxagore
1059 2170 1096 2234 fit
1120 2170 1175 2234 des
1200 2169 1396 2254 prediotions
1459 2226 1462 2232 .

267 2277 467 2344 fondees
503 2301 581 2345 sur
615 2283 656 2346 la
690 2286 885 2348 soienee
921 2285 971 2348 de
1006 2285 1048 2347 la
1082 2281 1284 2348 nature’'.

760 2542 902 2607 XXVII.

311 2750 384 2815 Non
419 2758 514 2834 reete,
549 2753 605 2817 ubi
641 2755 706 2837 egit
741 2755 780 2818 de
815 2753 977 2818 Ciceronis
1001 2753 1092 2818 libris
1117 2756 1155 2818 de
1179 2752 1397 2837 Divinatione,

269 2867 345 2933 haeo
379 2866 509 2931 exhibet
544 2888 573 2930 v.
610 2869 640 2933 d.
676 2868 820 2933 Boissier
850 2869 891 2948 (la
913 2868 1060 2953 Religion
1083 2870 1242 2934 romaine⁴
1268 2867 1395 2930 18921

265 2999 294 3062 p.
320 2979 390 3058 55):
429 2979 475 3061 „Il
511 2981 629 3045 detruit
662 2983 709 3046 les
740 2987 927 3066 arguments
952 2981 991 3046 de
1014 3001 1097 3046 oeux
1123 2984 1179 3066 qui
1202 2981 1395 3066 pretendent

267 3088 344 3174 qu'il
368 3111 390 3172 y
413 3112 431 3154 a
456 3112 519 3156 une
543 3096 669 3160 soience
691 3115 774 3180 pour
797 3099 963 3160 connaitre
983 3094 1150 3160 l'evenir''.

754 3345 912 3408 XXVIII.

209 3625 213 3632 ,
311 3551 481 3634 Perpetem
508 3574 535 3615 v.
561 3556 589 3617 d.
612 3556 692 3619 Stoll
719 3557 764 3638 (in
788 3557 870 3619 libro
894 3558 1031 3621 selectae
1056 3558 1244 3640 ceteroquin
1273 3557 1393 3640 plenis-

264 3667 345 3728 simo
369 3668 559 3732 eruditionis
586 3668 798 3752 „Suggestion
822 3671 887 3734 und
911 3670 1150 3755 Hypnotismus
1175 3671 1209 3732 in
1234 3670 1290 3733 der
1316 3669 1393 3732 Vol-

261 3780 525 3865 kerpsyohoiogie
563 3782 682 3866 ises’)
718 3803 931 3868 quaeeunque
970 3786 1022 3848 vel
1056 3803 1098 3848 ex
1130 3785 1324 3867 antiquitate
1349 3783 1391 3847 ad

263 3914 323 3959 nos
346 3901 562 3978 pervenerunt
585 3899 784 3962 narrationes
802 3900 901 3962 mirae
922 3903 1019 3982 atque
1038 3897 1213 3980 fabulosae,
1224 3898 1276 3962 vei
1296 3898 1393 3962 hodie

264 4009 543 4091 circumferuntur,
578 4012 738 4096 explicare
772 4018 907 4075 conatur
940 4011 1081 4076 adhibito
1119 4010 1386 4095 „suggestionis”

258 4109 285 4184 'v
298 4142 316 4184 o
329 4141 346 4184 o
358 4142 376 4185 a
389 4122 408 4185 b
423 4144 443 4186 u
456 4123 466 4185 I
479 4143 505 4186 0.
532 4161 572 4170 -
596 4122 735 4188 Omnino
760 4144 822 4187 non
848 4127 934 4188 omni
955 4144 996 4188 ex
1009 4131 1098 4208 perte
1111 4124 1389 4208 acquiescendum

264 4237 297 4298 in
333 4236 484 4300 laudibus
516 4257 596 4320 quas
621 4239 697 4301 huic
719 4238 801 4300 libro
826 4239 974 4302 tribuunt
998 4245 1029 4303 et
1052 4239 1106 4301 alii
1130 4240 1192 4300 viri
1217 4238 1266 4301 dd.
1290 4243 1322 4303 et
1346 4237 1389 4304 H.

263 4353 316 4411 ten
341 4347 422 4412 Kate
445 4351 479 4412 in
503 4350 655 4414 Intereat.
679 4352 774 4414 Areh.
797 4351 817 4413 f.
842 4351 997 4436 Ethnogr.
1021 4351 1102 4415 VIII
1113 4352 1225 4438 (1895)
1239 4373 1268 4437 p.
1283 4353 1325 4416 80
1339 4372 1389 4437 sq.
