3274 5192
848 607 889 670 36

349 797 368 877 ξ
392 797 434 858 49
468 798 511 858 in.
545 802 634 877 ,tum
659 814 733 859 vero
757 795 860 859 elatus
885 798 1014 876 <est>
1038 813 1103 877 spe,
1126 812 1220 877 posse
1242 791 1297 857 se’'
1323 811 1427 876 eqs.

308 909 556 989 Graevius3
584 915 651 991 „est
675 907 785 973 ratns”
810 908 899 971 codd.
926 945 965 954 -
990 906 1038 972 De
1057 907 1169 971 formis
1181 905 1271 971 verbi
1287 926 1323 988 ,e
1336 904 1430 970 sse”

305 1027 433 1108 saepius
468 1026 501 1087 in
537 1023 629 1088 libris
666 1023 891 1106 manuscriptis
926 1023 1055 1086 omissis
1086 1022 1219 1086 adeatur
1243 1020 1430 1085 Muelle-

307 1158 385 1202 rus
409 1159 437 1222 p.
462 1137 620 1202 XXXIV.

352 1253 371 1333 ξ
394 1253 436 1314 54
461 1253 540 1316 med.
568 1256 643 1332 „aut
668 1254 840 1316 universus
861 1252 1011 1315 interitus
1036 1255 1092 1314 aut
1104 1251 1235 1314 victoris
1248 1250 1430 1313 dominatus

307 1386 355 1431 ac
378 1366 534 1450 regnum'’
558 1366 591 1428 M
604 1387 622 1430 a
635 1366 654 1429 d
668 1387 686 1427 v
699 1368 710 1428 i
722 1387 759 1448 g3
788 1385 825 1448 „a
838 1386 859 1429 n
876 1366 909 1429 t”
934 1366 1024 1429 codd.
1050 1365 1102 1452 (,,θ
1114 1362 1146 1429 θ’
1168 1363 1356 1444 Lehmann).

352 1481 371 1562 ᾖ
397 1482 436 1542 57
473 1481 624 1562 ,deorum
656 1481 750 1564 ignis,
776 1500 790 1544 s
804 1499 822 1542 ο
834 1481 845 1543 l
858 1481 870 1542 i
882 1500 910 1561 a,
933 1499 965 1542 m
978 1498 996 1543 e
1008 1499 1029 1542 n
1042 1499 1057 1543 s
1070 1499 1088 1542 a
1102 1499 1126 1561 s,
1153 1475 1298 1542 abditos'’
1325 1496 1351 1540 e.
1364 1497 1391 1559 q.
1405 1496 1428 1540 s.

308 1592 557 1673 Graevius3
587 1594 776 1675 „sollemnes
801 1591 950 1657 mensas’'
974 1593 1050 1656 olim
1074 1610 1195 1656 omnes.

351 2171 470 2238 Omnes
504 2175 604 2257 igitur
637 2175 789 2237 lectiones
823 2194 903 2257 quas
927 2194 1025 2257 supra
1048 2171 1192 2254 exhibui,
1214 2173 1248 2234 in
1272 2171 1427 2235 editiones

305 2293 449 2371 receptae
472 2287 652 2369 hodiernus,
674 2293 828 2371 tanquam
850 2306 923 2352 vere
944 2287 1170 2351 Ciceronianae
1183 2287 1428 2370 atquointeger-

305 2403 404 2465 rimae
426 2400 471 2464 ibi
494 2403 558 2465 iam
581 2402 743 2486 leguntur.

348 2516 392 2578 At
426 2516 473 2578 rei
507 2515 651 2579 nondum
686 2515 879 2580 satisfecisse
915 2514 1052 2579 arbitror
1087 2534 1141 2579 eos
1179 2515 1264 2578 viros
1288 2513 1349 2590 dd,
1374 2514 1429 2596 qni

308 2629 518 2712 elegantiores
559 2631 826 2713 venustioresquc
867 2631 914 2694 sic
948 2630 1145 2695 reddiderint
1180 2628 1427 2692 declamationes

304 2748 439 2825 nostras,
474 2743 676 2807 detestandas
711 2745 787 2807 olim
824 2749 920 2827 atque
956 2746 1043 2808 omui
1067 2748 1219 2827 exparte
1244 2741 1429 2805 abominan-

306 2856 380 2920 das:
415 2857 543 2938 etenim,
576 2858 755 2940 complures
779 2858 830 2921 vel
856 2859 902 2922 sic
925 2862 1046 2922 restant
1070 2858 1132 2920 loci
1158 2857 1214 2940 qui
1237 2855 1429 2921 emendatio-

308 2989 379 3033 nem
416 2990 512 3052 quam
548 2972 689 3034 maxime
726 2971 916 3036 desiderant.
941 2969 1141 3054 Quapropter
1164 2989 1232 3054 eg0,
1255 2970 1430 3051 nescioqua

306 3089 470 3167 permotus
502 3090 599 3166 atquc
623 3083 777 3166 pellectus
800 3087 917 3168 pietate
940 3104 1015 3168 erga
1038 3086 1124 3168 ipsas
1146 3084 1241 3147 hasce
1261 3084 1430 3162 orationes,

306 3197 454 3262 sollemni
478 3216 531 3262 eas
558 3234 590 3244 —
622 3203 795 3282 antequam
816 3200 919 3282 capite
941 3199 1127 3281 insequenti
1150 3216 1226 3280 rogo
1250 3216 1302 3261 eas
1328 3198 1426 3279 impo-

305 3332 379 3375 nam
414 3312 611 3396 collectaque
647 3333 720 3376 ossa
756 3314 864 3396 capaci
899 3313 1021 3377 tradam
1046 3330 1146 3376 urnae
1171 3310 1227 3376 ubi
1251 3310 1364 3394 procul
1386 3309 1425 3373 ab

306 3427 472 3490 hominum
507 3427 604 3510 impio
638 3432 868 3492 conserventur
902 3428 1012 3511 exigui
1045 3428 1168 3490 cineres
1203 3429 1353 3489 contactu
1385 3461 1426 3469 -

305 3540 439 3604 induere
475 3541 569 3603 velim
595 3542 715 3604 vestitu
739 3540 932 3624 sepulchrali
956 3540 1171 3624 omnibusque
1194 3540 1245 3604 vel
1280 3539 1426 3623 pulcher-

305 3655 395 3718 rimis
429 3672 483 3717 eas
518 3653 668 3718 decorare
704 3655 901 3718 ornamentis
935 3656 1144 3738 gemmisque,
1169 3659 1204 3718 ut
1227 3655 1274 3718 sic
1298 3653 1426 3717 demum

307 3769 456 3851 comptis
477 3769 518 3831 iis
552 3769 785 3850 instructisque
819 3767 931 3831 ultima
963 3767 1068 3833 facere
1102 3769 1180 3831 mihi
1211 3769 1304 3832 liceat
1334 3768 1428 3847 iusta,

306 3881 396 3945 nulla
419 3883 482 3944 iam
507 3882 608 3945 malae
632 3882 847 3945 conscientiae
870 3883 1052 3945 exanimato
1076 3884 1332 3966 compunctione.

349 3995 398 4058 Ita
432 4000 539 4059 autem
575 3995 766 4078 progrediar,
804 3999 840 4059 ut
874 3996 979 4078 priore
1015 3996 1084 4060 loco
1117 3996 1190 4077 (sub
1221 3991 1262 4076 A)
1286 3996 1428 4080 egregias

305 4109 479 4172 nonnullas
512 4108 680 4173 exhibeam
716 4111 878 4173 variorum
915 4111 1057 4174 virorum
1093 4111 1144 4174 dd.
1181 4109 1427 4190 emendationes,

302 4243 392 4306 quae¹
413 4225 558 4289 nondum
582 4227 617 4286 in
641 4224 799 4291 editiones
822 4227 887 4289 sint
908 4231 1064 4308 receptae,
1087 4231 1123 4289 ut
1148 4225 1263 4290 deinde
1288 4224 1360 4304 (sub
1385 4220 1427 4302 Β)

306 4338 416 4421 paucis
430 4337 622 4421 quibusdam
635 4340 715 4403 meis
727 4340 831 4423 ipsius
844 4339 1031 4424 indulgeam
1042 4340 1214 4404 levissimis
1226 4339 1426 4403 coniecturis.
