3288 5186
738 621 781 683 49

194 808 407 893 designatum,
443 809 482 872 ad
518 827 568 873 me
592 811 757 874 consulem
783 829 860 873 oum
886 808 1115 894 Allobrogibus
1142 812 1322 874 communis

195 922 287 985 exitii
312 922 432 985 indicia
455 921 609 987 adferre.''

239 1034 430 1100 Universam
457 1037 475 1118 ἕ
502 1036 564 1100 139
589 1038 713 1101 notavit
736 1057 766 1099 v,
791 1037 829 1100 cl.
852 1036 1018 1101 Hartman.

242 1149 260 1230 ς
296 1149 358 1212 140
389 1148 544 1231 „Etiamsi
568 1168 662 1213 nemo
687 1170 862 1234 umquam.
879 1200 885 1214 .
900 1198 929 1214 ..
950 1150 1070 1215 nefarie
1093 1149 1325 1216 consecraret.''

239 1263 347 1327 Totam
373 1265 392 1346 §
421 1265 482 1330 145
507 1265 711 1349 reprehendit
735 1285 764 1328 v.
788 1265 825 1329 cl.
850 1263 1016 1329 Hartman.

240 1375 300 1441 De
330 1378 638 1461 haruspicum
663 1377 916 1462 Responso.
945 1379 963 1460 ξ
990 1379 1030 1440 14
1058 1379 1117 1461 „de
1140 1380 1200 1443 hoc
1224 1380 1325 1463 igitur

195 1491 265 1554 loco
298 1510 471 1555 sacro...
503 1492 666 1556 iudicatus
701 1494 743 1556 sit
752 1491 789 1555 ?”
825 1491 974 1556 contorte
1005 1497 1036 1556 et
1058 1493 1223 1577 pueriliter
1247 1494 1325 1558 haec
1408 1525 1410 1530 ·

195 1605 361 1667 enuntiata
384 1609 468 1668 sunt.
493 1603 616 1668 Locum
639 1606 779 1689 excripsi
802 1625 868 1689 cap.
893 1604 927 1668 II
950 1625 979 1688 p.
1003 1606 1056 1670 40.
1080 1605 1162 1670 Male
1182 1605 1325 1670 defendit

194 1717 301 1781 locum
326 1717 492 1783 Klotzius:
521 1721 593 1801 „ein
617 1720 707 1783 recht
730 1719 906 1804 passender
928 1719 1151 1784 Sarhasmus'’.

240 1832 259 1913 ς
286 1832 324 1894 17
352 1831 448 1914 „Vidi
472 1833 638 1897 enim...
661 1853 726 1897 non
750 1832 938 1917 potuisset.”

241 1945 259 2026 ξ
297 1946 337 2008 19
376 1947 513 2027 „etenim
549 1949 623 2030 quis
658 1952 707 2011 est
741 1951 804 2010 tam
842 1945 993 2011 vaecors”
1025 1966 1050 2011 6.
1064 1968 1092 2031 q.
1106 1967 1129 2011 s.
1155 1947 1324 2031 usquead

196 2060 386 2144 paragraphi
420 2059 527 2143 finem,
562 2080 667 2125 merae
701 2067 778 2125 sunt
812 2080 926 2145 nugae.
960 2099 999 2108 -
1027 2059 1142 2125 Omnia
1166 2080 1248 2145 quae
1271 2062 1324 2124 hio

196 2173 358 2257 leguntur,
401 2175 570 2259 desumpta
610 2180 687 2240 sunt
724 2213 764 2222 -
802 2177 892 2239 nullo
927 2180 1034 2240 tamen
1069 2175 1211 2241 adhibito
1246 2196 1324 2240 sano

195 2288 315 2352 iudicio
352 2327 392 2334 —
429 2308 470 2352 ex
494 2291 636 2355 oratione
660 2309 716 2374 pro
739 2288 805 2353 Mil.
831 2291 849 2372 ξ
875 2292 917 2353 84
941 2297 973 2354 et
997 2310 1038 2355 ex
1061 2289 1152 2354 libris
1178 2291 1217 2355 de
1240 2289 1323 2354 Deo·

195 2421 268 2465 rum
292 2400 364 2465 Nat.
390 2402 432 2484 (II
458 2406 496 2484 43
522 2405 563 2467 93
576 2407 643 2487 sq).

240 2516 259 2597 ᾗ
284 2517 325 2579 20
353 2515 444 2598 „Qua
467 2536 501 2580 re
524 2536 565 2580 ne
588 2517 682 2602 plura
705 2517 744 2581 do
766 2537 801 2581 re
825 2519 956 2581 minime
979 2517 1094 2600 loquar
1113 2516 1211 2580 dubia
1232 2517 1322 2580 adhi-

195 2627 267 2692 bete
291 2630 416 2694 animos
440 2635 471 2694 et
494 2635 617 2695 mentes
642 2636 775 2713 vestras
798 2651 863 2695 non
888 2631 992 2694 solum
1017 2648 1122 2712 auree,
1145 2630 1186 2694 ad
1209 2630 1322 2694 harus·

194 2743 301 2825 picum
328 2761 437 2807 vocem
462 2743 659 2808 admovete.'’

239 2855 278 2918 ad
303 2856 321 2937 ξ
345 2857 388 2918 24
415 2856 492 2920 haec
515 2856 613 2920 verba
640 2859 717 2941 „qui
741 2860 798 2922 uni
820 2859 970 2922 ludi....
995 2857 1321 2922 declaretur'’reotie·

195 2969 275 3032 sime
315 2969 393 3033 haec
435 2976 567 3035 annotat
603 2971 727 3036 Wolf
735 2976 830 3036 ius:
872 2971 1049 3054 „Notabilis
1084 2972 1318 3037 animadversio

194 3086 288 3167 quasi
312 3103 354 3148 ex
376 3087 577 3168 grammatici
601 3086 727 3150 dictatis
751 3085 916 3170 excepta.'’

238 3197 257 3279 ξ
293 3199 335 3260 25
373 3199 502 3282 „Atque
538 3201 572 3262 in
607 3201 717 3283 apium
752 3199 967 3264 fortasse
1002 3203 1151 3264 examine
1184 3220 1243 3264 nos
1280 3219 1322 3264 ex

191 3309 402 3375 Etruscorum
426 3314 553 3396 scriptis
577 3313 772 3396 haruspices
796 3318 832 3377 ut
856 3335 874 3377 a
896 3315 1025 3378 servitio
1045 3333 1242 3396 caveremus,
1254 3334 1320 3379 mo-

193 3423 335 3489 nerent.''
355 3423 558 3509 Quamquam
579 3428 778 3510 ineptissime
790 3427 919 3491 additur
931 3427 1118 3492 adverbium
1136 3426 1321 3510 „lortasse”,

192 3543 300 3603 tamen
324 3538 425 3603 multo
449 3541 544 3604 etiam
568 3541 706 3624 ineptior
728 3546 813 3605 esset
833 3543 1000 3623 sententia,
1024 3543 1143 3606 omissa
1162 3542 1217 3604 illa
1230 3561 1315 3606 voce.

236 3652 394 3718 Sectionis
430 3655 471 3717 33
507 3657 585 3738 (cap.
623 3655 673 3735 15)
709 3656 736 3720 si
768 3655 880 3718 ultima
903 3655 1042 3719 fuissent
1064 3655 1161 3719 verba
1188 3655 1315 3737 „tollam

191 3768 288 3832 altius
323 3767 464 3831 tectum”
499 3771 675 3834 rectissime
710 3771 817 3834 omnia
853 3789 887 3834 se
918 3770 1079 3835 haberent.
1110 3768 1208 3833 Nunc
1232 3789 1316 3852 vero,

192 3882 308 3946 additis
344 3882 535 3966 loquacibus
567 3887 664 3968 nugis
690 3905 774 3967 „non
800 3890 836 3948 ut
859 3903 917 3968 ego
941 3892 972 3948 te
995 3885 1177 3968 despiciam,
1202 3885 1256 3948 sed
1280 3890 1316 3948 tu

192 4016 232 4061 ne
256 3996 393 4080 aspicias
418 3995 529 4060 urbem
555 4016 624 4061 eam
648 4018 744 4081 quam
770 3998 875 4062 delere
899 3996 1063 4079 voluisti’'‚
1083 3999 1189 4061 omnis
1208 3997 1338 4062 interit·

190 4112 368 4175 sententiae
391 4117 544 4175 venustas
567 4116 664 4195 atque
687 4112 853 4195 elegantia.

236 4225 255 4307 ξ
292 4226 333 4288 35
370 4223 455 4289 Male
488 4227 573 4290 inter
606 4245 641 4290 se
675 4232 881 4310 opponuntur
916 4223 1085 4306 „secures”
1121 4230 1151 4289 et
1179 4245 1315 4307 „nornen

190 4339 301 4423 populi
324 4336 492 4402 Romani”.

1198 4450 1215 4502 t
