3274 5192
771 670 789 754 ,9

211 879 328 922 novam
360 859 485 922 curavit
508 857 691 937 editionem,
715 875 811 938 quam
836 854 1053 919 illustraverat
1076 857 1209 940 integris
1233 853 1337 917 Mark-

209 972 298 1034 landi
333 973 418 1035 notis
454 970 576 1051 (Latine
612 991 630 1033 a
666 989 700 1033 se
735 970 910 1050 conversis)
945 975 977 1033 et
1010 968 1145 1033 Gesneri
1169 970 1339 1050 annotatiS,

210 1092 371 1169 praeterea
405 1103 479 1148 vero
503 1084 671 1168 permultis
696 1082 976 1148 observationibus
999 1103 1080 1167 quas
1105 1083 1144 1147 de
1167 1102 1226 1147 suo
1250 1083 1337 1146 addi-

211 1200 307 1263 derat.
343 1197 481 1262 Wolfius
516 1199 551 1259 in
586 1197 645 1260 hac
677 1197 816 1260 editione
840 1215 942 1279 aeque
966 1197 1060 1280 longe
1084 1201 1132 1260 est
1155 1201 1340 1261 remotusa

209 1311 390 1375 Marklandi
425 1312 599 1374 acrimonia
633 1329 669 1373 ac
693 1329 711 1372 a
735 1308 868 1374 Gesneri
893 1310 1119 1392 moderatione,
1143 1312 1262 1394 quippe
1285 1312 1339 1372 cui

208 1430 275 1489 tota
309 1443 360 1488 res
392 1443 458 1487 non
494 1424 640 1487 videatur
664 1425 754 1504 tanti,
779 1429 815 1486 ut
838 1424 920 1488 serio
945 1429 1042 1507 atque
1064 1425 1204 1506 graviter
1225 1429 1337 1488 tracte·

208 1545 277 1620 tur,
304 1559 386 1623 qnae
409 1540 479 1603 eius
505 1559 595 1603 mens
621 1539 787 1603 manifeste
811 1544 941 1622 apparet
965 1557 1005 1602 ex
1029 1539 1204 1620 enuntiatis
1229 1539 1338 1622 qualia

208 1659 285 1747 sunt
319 1655 412 1718 hacc:
452 1652 592 1734 ,Quidni
629 1654 722 1717 liceat
754 1654 914 1718 interdum
939 1653 1076 1718 illudere
1100 1654 1257 1736 scriptori,
1281 1652 1337 1717 ubi

208 1768 363 1851 indignus
398 1773 446 1831 est
482 1770 566 1832 seria
600 1765 925 1852 reprehensione¹)l”
964 1766 1107 1849 ,Ridete
1130 1776 1236 1850 patres
1260 1787 1335 1831 oon·

211 1881 330 1964 scripti,
354 1881 515 1965 quidquid
537 1886 585 1945 est
608 1880 700 1944 vobis
724 1881 955 1944 cachinnorum
970 1879 1033 1954 8)!”
1057 1881 1224 1945 Velhaec:
1242 1879 1336 1964 ,Ipsa

209 2000 276 2059 tota
311 1996 469 2059 sententia
504 1994 615 2078 putida
649 2000 706 2058 est.
742 1992 826 2069 Quid
858 2013 1052 2077 quaeramus
1077 1995 1117 2058 de
1141 1994 1246 2059 verbis
1271 1995 1336 2058 sin-

206 2108 376 2193 girlis³)?''
403 2107 502 2190 „Mihi
526 2108 638 2192 religio
662 2112 719 2191 est,
744 2109 826 2172 banc
849 2108 987 2173 scabiem
1009 2107 1210 2192 tangerc⁴).”
1233 2107 1337 2189 ,Vere

211 2224 296 2287 enim
331 2222 521 2286 Aristoteles
556 2222 639 2286 dixit
673 2219 769 2294 εὔηθές
800 2222 861 2285 ἔστι
885 2221 918 2285 τὸ
941 2221 1007 2293 τοὺς
1032 2219 1137 2294 εὐήθεις
1161 2225 1216 2284 τῶν
1240 2219 1335 2298 λόγων

212 2334 278 2398 λίαν
301 2331 468 2409 ἕξετάξειν”
483 2337 514 2417 ⁵).
850 2415 853 2422 Ι

251 2448 324 2512 Non
356 2455 462 2513 autem
488 2450 616 2531 mirum,
640 2449 728 2533 quod
750 2468 811 2531 res,
835 2467 918 2532 quae
940 2452 1003 2513 iam
1025 2450 1224 2513 conclamata
1248 2450 1334 2520 vide·

208 2562 313 2645 batur,
340 2562 496 2627 Wolfiano
515 2566 647 2627 nomine
668 2569 847 2628 sustentata
867 2564 1064 2628 denuo'tunc
1076 2565 1176 2628 aciem
1190 2564 1334 2628 virorum

207 2677 257 2740 dd.
290 2679 325 2740 in
358 2696 392 2742 se
416 2680 563 2742 verterit:
591 2697 650 2742 nec
672 2678 803 2742 deerant
828 2698 905 2742 mox
930 2681 985 2762 qui
1006 2681 1149 2762 opinioni
1173 2677 1331 2742 Marklan-

207 2792 321 2855 dianae
355 2812 374 2855 a
409 2790 525 2855 Wolfio
557 2791 708 2875 probatae
741 2793 806 2857 iam
842 2798 872 2857 et
902 2793 964 2876 ipsi
987 2812 1028 2857 ex
1053 2794 1152 2856 animi
1178 2793 1336 2857 sententia

206 2906 488 2989 adstipularentur.
529 2905 643 2987 Immo,
686 2925 742 2990 per
775 2911 875 2970 totam
911 2907 1049 2989 priorem
1083 2907 1180 2971 huius
1215 2905 1334 2971 saeculi

213 3101 358 3110 ———..-—

198 3218 344 3282 ·nngritP');
371 3220 434 3284 quin
461 3219 540 3269 etiam
567 3219 598 3268 de
625 3221 704 3269 unius
730 3219 942 3269 Catilinariarum
970 3219 1005 3282 (ll
1033 3220 1072 3269 vel
1099 3219 1146 3283 lll)
1169 3219 1197 3269 in
1215 3234 1334 3269 sermone

204 3311 333 3361 cotidiano
357 3311 490 3362 dubitasse
515 3312 610 3362 dicitur
627 3313 789 3363 auctoritate.
808 3312 955 3375 Drumann,
973 3312 1064 3362 Gesch.
1084 3312 1164 3362 Roms
1185 3312 1204 3361 V
1225 3327 1249 3376 p.
1267 3311 1333 3362 470:

206 3402 305 3467 „Sohon
332 3400 399 3452 1807
424 3403 526 3453 schrieb
554 3404 693 3466 Eichstddt,
718 3405 776 3454 eine
802 3406 847 3454 der
872 3405 926 3454 vier
956 3404 1041 3469 [Catil.
1067 3405 1167 3469 Reden]
1189 3408 1275 3455 miisse
1292 3405 1333 3454 die

205 3493 301 3544 hibere
325 3492 408 3542 Critik
435 3495 618 3560 beschailtigen,
642 3495 697 3546 Jen.
727 3496 754 3545 L.
780 3495 804 3545 Z.
830 3494 896 3545 1802
915 3511 957 3545 no.
975 3495 1033 3558 220,
1051 3496 1104 3545 und
1126 3497 1193 3545 Wolf
1209 3499 1332 3559 ausserte,

203 3584 322 3634 eineder
341 3586 458 3635 mittiern
477 3587 512 3635 sei
533 3586 703 3651 verdecntig.”
722 3616 752 3623 —
771 3588 799 3637 In
818 3593 912 3637 neutra
931 3603 958 3638 re
975 3603 1035 3638 cum
1054 3603 1084 3638 eo
1102 3589 1173 3639 lacio.

237 3675 265 3737 l)
285 3675 363 3739 Wolf,
380 3677 423 3726 l.l.
438 3693 461 3740 p.
479 3675 537 3733 342.
555 3678 586 3727 ad
605 3678 636 3727 de
654 3679 708 3728 har.
727 3693 793 3742 resp.
813 3679 825 3743 ἓ
843 3678 883 3729 25.

237 3766 264 3824 2)
283 3768 423 3834 Woll,1.l.
441 3785 466 3832 p.
484 3768 542 3834 313,
559 3770 590 3819 ad
608 3770 640 3820 de
657 3771 712 3819 har.
731 3785 798 3834 resp.
816 3771 829 3835 ξ
845 3771 868 3822 5.

236 3859 264 3922 3)
285 3861 361 3924 Wolf,
379 3863 422 3912 l.l.
441 3877 464 3925 p.
483 3860 541 3921 358,
559 3863 589 3911 ad
608 3862 638 3912 de
656 3863 711 3913 har.
730 3878 795 3926 resp.
814 3863 828 3930 §
846 3861 888 3912 37.

236 3951 264 4014 4)
285 3952 361 4016 Woll,
379 3955 421 4004 l.l.
441 3970 464 4017 p.
482 3951 541 4017 348,
558 3956 589 4003 ad
607 3955 637 4004 de
656 3956 711 4007 har.
731 3971 796 4019 resp.
815 3956 829 4022 ξ
847 3954 888 4005 29.

236 4043 263 4103 5)
285 4042 359 4106 Wolf,
379 4047 420 4095 ll.
439 4063 462 4110 p.
480 4044 539 4105 384,
557 4048 588 4096 ad
607 4048 638 4096 de
655 4048 711 4098 har.
730 4063 794 4110 resp.
817 4046 888 4112 557.
906 4047 999 4107 Qualia
1017 4049 1081 4099 sicui
1101 4050 1332 4099 nimisvehemen-

203 4141 242 4188 ter
258 4150 314 4186 esse
330 4136 465 4186 enuntiata
484 4138 612 4202 videntur,
631 4139 759 4189 monitum
781 4154 842 4188 eum
860 4154 906 4203 ego
924 4141 1010 4201 velim,
1026 4140 1332 4204 longediversnmluisse

202 4227 350 4276 orationum
378 4232 527 4277 nostrarum
552 4233 704 4278 contextum
729 4245 808 4293 quem
832 4230 932 4294 legebat
951 4231 1070 4294 Wolfius,
1086 4232 1118 4281 ab
1137 4247 1166 4281 eo
1184 4234 1230 4296 qni
1247 4239 1286 4282 est
1304 4234 1330 4282 in

201 4317 358 4368 editionibus
375 4321 570 4370 recentioribus.
588 4321 700 4384 Etenim,
717 4322 833 4385 optimus
850 4324 896 4386 qui
914 4323 987 4373 nobis
1005 4325 1076 4373 adest
1094 4325 1180 4390 codex,
1197 4325 1331 4375 Parisinus

205 4407 280 4472 7794,
306 4411 333 4459 in
350 4409 435 4461 lucem
455 4412 570 4462 nondum
588 4417 644 4462 erat
661 4418 820 4478 protractus,
840 4413 891 4465 vid.
909 4415 976 4464 inira
994 4431 1048 4479 cap.
1064 4416 1086 4465 ll
1105 4416 1171 4479 inin,
1188 4432 1248 4466 ann.
1267 4416 1291 4468 2.
