3288 5186
836 927 891 992 IV.

347 1142 465 1224 Cicero,
490 1144 529 1208 de
554 1142 652 1206 divin.
676 1141 710 1205 Π
734 1143 753 1223 5
779 1141 836 1205 10:

346 1255 393 1321 De
426 1258 491 1321 illis
526 1275 601 1321 vero
624 1255 730 1332 rebus,
754 1275 836 1340 queo
860 1257 893 1318 in
916 1256 1117 1340 philosophia
1140 1260 1322 1336 versantur,
1345 1274 1425 1318 uum

303 1369 380 1454 quid
415 1375 464 1434 est
502 1369 588 1454 quod
623 1370 794 1453 quisquam
820 1368 1003 1433 divinorum
1028 1374 1084 1433 aut
1108 1368 1301 1453 respondere
1325 1368 1427 1432 soleat

303 1489 361 1548 aut
394 1483 529 1564 consuli,
564 1481 643 1566 quid
668 1481 787 1546 bonum
812 1484 862 1563 sit,
887 1483 965 1566 quid
989 1483 1120 1563 malum,
1144 1481 1222 1566 quid
1246 1481 1425 1546 neutrum?
1453 1542 1456 1548 .

301 1597 390 1682 [sunt
425 1599 511 1660 enim
547 1596 624 1660 haec
659 1597 787 1679 propria
818 1595 1102 1680 philosophorum]
1127 1595 1231 1679 quid?
1256 1596 1295 1659 de
1319 1595 1424 1659 officio

300 1730 377 1774 num
404 1712 477 1794 quis
500 1710 701 1793 haruspicem
727 1711 866 1773 consulit
889 1728 916 1773 e.
931 1730 959 1793 q.
971 1729 995 1773 s.

343 1820 521 1886 Deleantur
544 1821 642 1887 verba
664 1821 797 1886 inclusa.

840 2056 879 2120 V.

345 2269 465 2351 Cicero,
489 2269 528 2333 de
551 2270 649 2332 divin.
673 2269 706 2332 Π
729 2270 748 2350 ξ
775 2269 833 2332 13;

344 2383 406 2447 Sed
439 2383 660 2462 animadverti,
696 2381 823 2462 Quinte,
858 2389 889 2447 te
923 2389 1015 2447 caute
1038 2389 1069 2448 et
1092 2383 1131 2447 ab
1155 2386 1195 2448 iis
1219 2385 1424 2467 coniecturis,

300 2516 382 2581 quae
418 2496 569 2561 haberent
604 2503 701 2560 artem
738 2503 836 2581 atque
869 2498 1080 2580 prudentiam,
1114 2506 1146 2561 et
1180 2498 1219 2561 ab
1251 2499 1291 2562 iis
1315 2498 1424 2580 rebus,

300 2630 382 2695 quae
418 2609 567 2674 sensibus
603 2617 681 2674 aut
711 2610 954 2674 artificiis
985 2613 1235 2695 perciperentur,
1260 2611 1422 2676 abducere

299 2726 538 2806 divinationem,
561 2743 696 2807 eamque
718 2725 762 2788 ita
786 2723 937 2788 definire.
950 2774 957 2788 .
970 2773 997 2788 ..

342 2838 527 2921 legendum
550 2856 683 2902 censeo:

343 2969 425 3035 quae
448 2950 596 3015 sensibus
621 2951 711 3036 [haut
735 2950 888 3036 artificiis]
912 2953 1162 3036 perciperentur.

829 3186 883 3249 VI.

342 3397 461 3479 Cicera
485 3396 613 3460 Tuscul.
637 3397 654 3460 I
676 3399 694 3478 ξ
720 3399 778 3461 36;

339 3510 378 3573 In
402 3517 518 3572 terram
544 3512 629 3572 enim
654 3511 843 3576 cadentibus
866 3511 1053 3595 corporibus
1076 3513 1182 3595 iisque
1206 3511 1304 3574 humo
1317 3513 1423 3592 tectis,

296 3622 325 3707 [e
360 3641 424 3705 quo
459 3624 578 3687 dictum
616 3632 664 3688 est
694 3625 839 3708 humari]
871 3625 933 3689 sub
956 3633 1039 3689 terra
1063 3624 1236 3689 censebant
1258 3625 1419 3708 reliquam

295 3738 392 3799 vitam
417 3738 468 3820 agi
493 3743 702 3804 mortuorum.

337 3847 491 3914 Deleatur
513 3851 678 3917 emblema.

822 4065 894 4129 VH.

337 4243 455 4327 Cicero,
478 4247 607 4314 Laelius
631 4252 650 4332 ᾗ
676 4252 712 4314 7:

334 4359 377 4422 Te
402 4360 576 4442 sapientem
601 4369 631 4427 et
654 4365 814 4448 appellant
839 4372 871 4431 et
895 4369 1089 4433 existimant.
1113 4366 1328 4433 Tribuebatur
1352 4363 1415 4428 hoc
