3288 5186
750 643 790 705 el

250 825 363 889 Val.:
391 827 442 911 Sp.
467 827 619 893 Maelium
649 867 685 875 -
715 828 841 911 „Cio”
863 829 915 914 Sp.
939 829 1065 910 Maelii3

250 939 363 1004 Vei:
393 942 589 1026 Aequimelii
613 981 652 988 -
680 942 806 1024 „Cic”
830 944 1044 1027 Aequimelii3

251 1053 365 1118 Vei:
389 1057 513 1120 iustitia
538 1093 578 1102 -
605 1055 731 1138 „Cio”
755 1058 878 1120 iustitia
901 1057 988 1137 (olim
1013 1057 1170 1138 stultitia).

251 1172 359 1252 Atque
384 1169 435 1233 hic
460 1189 523 1233 non
548 1190 679 1254 possum
706 1172 784 1255 quin
807 1173 948 1255 graviter
973 1172 1158 1256 vituperem.
1174 1191 1227 1236 eos
1247 1174 1332 1236 viros

206 1282 257 1345 dd.
293 1284 349 1367 qui
384 1289 447 1346 tam
483 1286 602 1368 exigua
634 1285 778 1368 perducti
809 1285 1029 1366 similitudine,
1055 1305 1169 1369 magno
1196 1285 1333 1350 clamore

206 1396 376 1478 declarent,
410 1396 576 1494 Valerium
614 1398 872 1462 manifestissime
903 1397 999 1463 verba
1022 1419 1082 1462 sua
1105 1419 1145 1462 ex
1171 1397 1333 1463 Ciceronis

206 1510 407 1574 orationibus
438 1511 656 1595 desumpsisse
672 1511 701 1591 ¹).
733 1511 849 1576 Nonne
881 1512 932 1575 hie
955 1513 1039 1576 idem
1064 1513 1333 1596 deprehendimus

206 1625 320 1687 vitium
346 1625 399 1686 oui
422 1628 488 1687 tam
511 1623 695 1707 frequenter
716 1624 883 1708 indulgere
904 1624 1007 1701 solent
1020 1644 1069 1688 vv.
1083 1626 1133 1688 dd.
1146 1626 1179 1688 in
1199 1646 1218 1709 p
1232 1645 1250 1688 o
1263 1644 1280 1689 e
1293 1645 1307 1689 s
1321 1627 1332 1688 i

205 1735 319 1800 Latina
355 1737 569 1820 diiudicanda,
600 1744 637 1801 ut
667 1757 709 1802 sc.
741 1758 806 1802 non
831 1738 1031 1820 distinguant
1053 1740 1137 1802 inter
1160 1715 1331 1802 verborum

206 1851 565 1915 similitudines
601 1851 823 1935 quasdam
860 1851 1096 1916 fortuitas
1131 1871 1214 1935 quae
1248 1854 1332 1917 inter

206 1964 288 2028 dnos
319 1965 517 2028 intercedant
548 1971 703 2048 auctores
726 1967 746 2029 i.
760 1985 786 2030 e.
811 1967 894 2030 inter
917 1984 970 2029 eas
991 1966 1223 2029 ‘similitudines
1248 1985 1331 2049 quae

206 2098 265 2142 sua
299 2085 414 2163 sponte
445 2099 486 2144 ex
517 2082 587 2163 ipso
618 2085 809 2163 argumento
833 2086 928 2163 atque
951 2081 1046 2144 certis
1071 2080 1242 2144 verborum
1267 2079 1330 2144 for-

207 2192 303 2257 mulis
326 2195 525 2277 proveniant,
550 2199 581 2257 et
603 2194 614 2256 i
628 2214 657 2256 m
670 2195 681 2257 i
694 2199 706 2256 t
719 2213 737 2257 a
749 2195 784 2256 ti
798 2213 815 2256 o
828 2214 849 2256 n
862 2213 879 2257 e
891 2213 906 2256 s
930 2212 1012 2276 quae
1031 2192 1178 2256 consulto
1192 2193 1330 2276 dataque

206 2324 300 2388 opera
336 2309 401 2369 sint
431 2306 604 2383 iactaeil).
638 2306 812 2370 Frustrane
844 2327 872 2369 v.
897 2307 926 2369 d.
950 2306 1275 2370 Baehrensius
1299 2307 1331 2369 a⁰

209 2419 292 2482 1875
318 2421 442 2483 monuit
471 2425 506 2483 ut
529 2421 615 2483 hunc
639 2439 777 2483 errorem
801 2425 953 2483 caverent
975 2421 1076 2482 critici
1101 2457 1142 2464 —
1166 2419 1330 2482 Hoffman-

211 2553 273 2598 nus
308 2538 415 2596 autem
445 2533 507 2597 fuit
542 2535 599 2617 qui
631 2534 662 2596 a⁰
690 2534 771 2596 1881
798 2535 918 2615 statuit,
942 2535 1048 2617 priore
1071 2533 1139 2596 loco
1163 2533 1329 2597 Valerium

210 2645 371 2711 Ciceronis
401 2649 597 2731 surripuisse
627 2646 723 2710 verba
749 2685 788 2692 -
808 2646 969 2711 frustrane
992 2668 1021 2710 v.
1046 2646 1082 2710 cl.
1107 2645 1331 2710 Hartman

208 2763 241 2823 in
277 2760 359 2824 libro
397 2760 456 2842 „de
486 2759 619 2824 Horatio
643 2759 756 2844 poeta’'
780 2761 1009 2825 demonstravit
1033 2780 1129 2844 qnam
1154 2765 1237 2823 esset
1261 2779 1330 2844 per·

209 2893 348 2957 versum,
372 2894 408 2938 ea
431 2876 554 2938 ratione
575 2876 770 2939 imitationes
794 2874 914 2958 ubique
934 2876 1059 2938 odorari
1072 2880 1168 2959 atque
1181 2873 1331 2957 captare?

208 2987 260 3052 Me
284 2989 413 3072 quidem
437 2989 543 3052 iudice
568 2988 693 3052 nullum
719 2990 834 3052 nostris
857 2989 936 3053 locis
955 2996 1003 3053 est
1021 2989 1210 3052 imitationis
1222 3007 1331 3051 aemu-

207 3101 376 3166 lationisve
400 3102 448 3166 vel
474 3103 673 3167 levissimum
699 3105 888 3187 vestigium3
913 3107 945 3167 et
964 3103 1112 3167 Valerius
1132 3107 1163 3166 et
1178 3100 1330 3184 „Cicero”

208 3216 340 3280 eandem
377 3235 453 3297 rem,
488 3236 529 3280 ex
560 3217 692 3280 historia
720 3219 848 3301 utrique
874 3219 1082 3298 notissimam,
1106 3218 1174 3281 suis
1198 3223 1330 3280 narrant

207 3329 329 3410 verbis3
365 3331 471 3414 ipsum
496 3336 602 3393 autern
628 3336 853 3412 argumentum
880 3331 967 3415 quod
990 3330 1030 3393 ab
1054 3336 1192 3414 utroque
1216 3336 1330 3393 tracta·

163 3437 165 3442 ⁴
208 3448 267 3525 tur,
289 3462 404 3506 causae
426 3443 488 3506 fuit
511 3444 647 3526 exiguae
671 3443 759 3506 illius
780 3443 1000 3506 similitudinis
1020 3462 1102 3526 quae
1122 3446 1328 3506 intercorum

206 3558 373 3622 intercedit
396 3557 500 3621 verba.

209 3771 354 3782 ———.

203 3971 212 3984 ,
236 3913 265 3977 t)
284 3913 403 3965 Genuina
427 3913 556 3965 Ciceronis
582 3929 658 3978 opera
685 3915 836 3979 frequenter
862 3914 990 3965 scribendi
1016 3915 1153 3964 materiam
1181 3915 1328 3978 praebuisse

204 4003 313 4069 Valerio,
330 4007 539 4056 demonstratum
557 4011 595 4056 est
614 4021 629 4056 a
647 4022 671 4056 v.
688 4007 713 4056 d.
733 4007 913 4068 Duebner,
933 4006 1020 4055 Revne
1038 4005 1069 4054 de
1088 4004 1180 4054 Philol.
1197 4006 1209 4054 Ι
1228 4003 1329 4071 p.aoa;

207 4096 233 4146 F.
256 4097 425 4161 Zschech‚
443 4098 474 4148 de
491 4098 541 4148 Cic.
559 4103 584 4148 et
602 4097 673 4147 Livio
691 4097 785 4148 Valerii
805 4097 909 4147 Maximi
927 4096 1051 4159 fontibus,
1071 4096 1152 4146 Berol.
1171 4112 1194 4161 p.
1213 4096 1246 4146 15
1255 4111 1329 4161 sqq.;

205 4187 236 4240 ef.
256 4189 384 4254 Kempl
399 4191 426 4240 in
445 4190 540 4255 proleg.
558 4189 590 4239 ad
607 4188 662 4240 Val.
681 4189 757 4238 Μαι]
777 4205 803 4253 p.
821 4187 853 4238 13
870 4194 896 4239 et
912 4187 955 4240 15.

236 4279 264 4345 2)
281 4280 349 4332 Sunt
374 4282 450 4332 verba
476 4281 699 4332 Baehrensii
726 4281 753 4330 in
780 4281 857 4346 prael.
883 4282 915 4330 ad
934 4281 988 4331 Val.
1006 4281 1125 4333 Flaccum
1142 4279 1209 4333 1875
1230 4297 1255 4349 p.
1276 4281 1328 4347 Vl,

202 4371 233 4422 cf.
251 4387 274 4422 v.
291 4373 321 4424 cl.
340 4372 522 4438 Hartman,
538 4373 569 4422 de
588 4371 697 4424 Matthia
715 4371 746 4425 de
765 4371 838 4422 Vries
861 4388 885 4440 p.
904 4369 944 4424 13.
