3288 5186
731 645 772 708 79

181 833 212 892 et
245 828 351 894 hercle
386 831 561 895 vanissimo
596 833 819 896 ventosissimo
853 834 992 917 quodam
1026 837 1187 918 gloriandi
1210 842 1307 921 atque

181 941 221 1006 de
244 961 279 1006 se
302 944 506 1026 praedicandi
529 964 645 1028 amore,
670 948 727 1029 qui
750 952 786 1010 ut
806 949 839 1010 iu
860 950 930 1031 ipso
952 948 1104 1015 Cicerone
1123 951 1308 1034 frequenter

181 1055 320 1137 offendit,
343 1058 387 1120 ita
411 1059 444 1120 in
468 1059 556 1123 hisce
578 1058 859 1125 lucubrationibus
883 1080 1009 1126 omnem
1024 1064 1151 1128 excedit
1164 1065 1306 1129 modum.

181 1171 291 1252 Atque
322 1177 371 1235 est
401 1171 478 1235 haec
502 1173 644 1255 ipsorum
670 1193 799 1257 quoque
824 1174 1028 1240 defensorum
1054 1180 1212 1241 sententia
1235 1178 1308 1262 plus

181 1302 277 1364 quam
301 1283 512 1348 intolerabilis
536 1285 586 1363 (cf.
611 1305 634 1348 c.
648 1307 678 1369 g.
701 1285 835 1368 Schanu,
860 1287 895 1351 G.
917 1289 945 1351 d.
966 1309 990 1351 r.
1011 1287 1045 1351 L.
1067 1289 1095 1352 1¹
1111 1311 1139 1374 p.
1153 1293 1217 1354 212
1231 1294 1306 1374 sq.);

227 1398 255 1460 3.
298 1398 429 1460 omnino
465 1417 529 1460 non
566 1399 659 1462 modo
694 1419 758 1482 non
795 1401 997 1465 doceant
1031 1402 1220 1485 auditorem,
1252 1407 1308 1470 sed

182 1528 235 1573 eas
271 1529 401 1593 quoque
437 1513 568 1576 notitias
604 1533 685 1596 quas
720 1513 782 1577 sibi
815 1516 1037 1592 contraxisset,
1062 1516 1187 1582 deleant
1212 1525 1310 1603 atque

182 1624 360 1702 obliterant,
398 1627 522 1709 prolixe
549 1647 586 1691 ac
608 1628 688 1709 fuse,
713 1631 811 1692 immo
836 1636 979 1695 contorte
1003 1631 1090 1695 haud
1113 1651 1185 1696 raro
1211 1638 1308 1715 atque

183 1727 324 1821 confuse,
355 1741 543 1806 enarrandis
566 1743 606 1807 iis
629 1741 726 1807 rebus
751 1763 887 1826 quarum
912 1763 1024 1808 omnes
1047 1745 1210 1809 auditores
1229 1745 1309 1810 fuis·

182 1857 253 1916 sent
287 1859 384 1918 testes
419 1855 550 1936 oculati,
582 1875 682 1938 quum
707 1861 813 1920 tamen
837 1858 907 1940 ipse
930 1863 1035 1921 orator
1057 1859 1187 1922 nonnisi
1210 1859 1307 1924 fando

182 1971 278 2049 atque
314 1967 474 2031 audiendo
510 1968 548 2032 de
571 1970 612 2032 iis
632 1969 747 2033 certior
769 1969 839 2034 fieri
862 1971 1028 2053 potuisset,
1052 1973 1170 2055 quippe
1194 1974 1308 2056 quiin

182 2078 279 2141 exilio
314 2079 453 2162 degisset
486 2080 561 2144 dum
595 2080 715 2144 Rornae
751 2100 787 2146 ea
810 2089 1006 2166 gererentur.
1029 2082 1078 2146 Ne
1102 2086 1175 2166 quis
1198 2091 1307 2149 autem

184 2193 260 2255 milri
295 2193 419 2275 obiciat,
454 2195 588 2258 eundern
623 2215 689 2259 renr
723 2195 792 2258 fieri
827 2197 860 2258 in
885 2194 1031 2260 Sestiana
1056 2216 1195 2280 quoque,
1218 2198 1305 2261 illam

183 2325 255 2370 vero
291 2308 342 2371 vel
381 2308 666 2390 praeclarissimam
698 2285 1025 2392 venustissimamque
1061 2312 1204 2373 omnium
1241 2311 1307 2376 fere

181 2422 362 2484 orationum
387 2420 670 2486 Ciceronianarum
694 2421 804 2486 haberi
824 2421 863 2485 ab
884 2425 1065 2487 innumeris
1090 2424 1168 2487 viris
1191 2424 1251 2487 hac
1273 2425 1306 2486 in

181 2553 214 2598 re
247 2536 466 2618 peritissimis:
501 2537 534 2598 in
566 2534 711 2599 Sestiana
735 2537 820 2600 enirn
845 2542 876 2600 et
899 2556 958 2600 suo
981 2537 1051 2600 loco
1074 2543 1246 2601 narrantur
1270 2556 1307 2601 ea

182 2667 264 2730 quae
287 2648 439 2712 Cicerone
463 2649 576 2712 exsule
599 2649 719 2713 Romae
740 2648 944 2733 gerebantur,
968 2651 1012 2713 ita
1033 2649 1307 2715 utnullaratione

180 2761 268 2824 illam
303 2764 478 2827 orationem
514 2762 607 2827 nobis
640 2762 762 2846 fingere
793 2765 955 2846 possimus
988 2765 1057 2827 sine
1080 2764 1306 2847 pulcherrimis

180 2875 243 2939 illis
268 2876 531 2960 digressionibus
551 2881 583 2940 et
602 2879 766 2960 aptissime
779 2876 1016 2960 elegantissime
1029 2877 1073 2939 ibi
1088 2885 1306 2961 exponuntur.

221 2987 336 3073 Neque
372 3009 447 3054 vero
482 2995 659 3054 ceterarum
696 2991 851 3053 virtutum
889 3010 970 3073 quas
1005 3010 1133 3054 summo
1167 2993 1238 3055 iure
1269 2994 1304 3054 in

178 3103 375 3168 orationibus
418 3103 624 3188 requirebant
666 3107 763 3186 atque
804 3101 978 3186 exigebant
1020 3104 1163 3168 rhetores
1209 3111 1307 3188 atque

178 3217 279 3281 critici
314 3223 446 3300 veteres,
469 3237 607 3300 usquam
630 3218 664 3279 in
689 3218 808 3280 nostris
832 3205 1113 3280 lucubrationibus
1138 3217 1187 3281 vel
1211 3220 1305 3281 mini-

179 3351 265 3395 mum
289 3337 418 3415 apparet
442 3333 632 3414 vestigium:
657 3349 764 3413 neque
788 3331 872 3394 enim
897 3336 973 3393 sunt
1002 3330 1050 3409 (cf.
1075 3328 1183 3405 Quint.
1205 3331 1221 3394 I
1243 3333 1306 3413 5‚1)

178 3445 468 3526 emendatae,
492 3443 886 3527 nequedilucidae,
910 3462 970 3506 nec
992 3450 1299 3526 vercornatae;

179 3576 241 3620 non
277 3576 387 3621 earum
423 3558 610 3641 quicunque
645 3561 692 3620 est
727 3561 838 3619 auctor
869 3556 1012 3639 loquitur
1039 3555 1089 3634 (cf.
1114 3557 1163 3620 ad.
1186 3556 1303 3622 Her.I

181 3670 259 3749 1443
296 3670 336 3734 de
374 3667 459 3734 Orat.
493 3669 544 3732 III
579 3670 633 3747 37)
665 3667 1303 3753 pureetLatine,nonplane

178 3783 567 3865 etdilucide,non
592 3782 863 3866 deniqueapte
888 3787 930 3846 et
956 3780 1130 3844 decore.
