3288 5186
754 627 797 690 63

205 813 340 877 huiusce
374 815 623 878 constructionis
657 813 841 898 exemplum
877 814 1028 878 laudatur
1051 815 1141 880 locus
1165 815 1255 880 Verr.
1282 815 1332 879 ΙΙΙ

207 925 247 988 61
288 927 367 1008 „iste
402 927 504 991 ridere
539 932 569 991 et
605 929 713 991 mirari
748 926 887 992 Lollium
924 929 1005 991 nibil
1040 929 1079 993 de
1104 928 1335 994 Matrinio....

206 1039 365 1104 audisse'’.
399 1039 472 1104 Non
508 1043 594 1105 enim
629 1043 658 1104 h.
680 1042 698 1104 l.
732 1040 913 1107 infinitivus
938 1043 977 1107 de
1001 1043 1192 1108 ridendi
1216 1045 1333 1129 pendet

209 1153 314 1236 verbu,
338 1155 392 1218 sed
418 1155 457 1219 da
481 1156 692 1219 mirandi.

251 1267 363 1332 Ibid.
394 1269 601 1334 Adiectivom
627 1271 766 1334 virili
791 1271 874 1335 male
897 1269 1069 1348 abundare,
1093 1270 1177 1335 infra
1201 1272 1333 1335 demon·

207 1381 315 1446 strabo
339 1386 368 1463 (5
392 1385 436 1466 4).

251 1501 270 1575 5
297 1497 335 1561 10
364 1496 621 1579 „Promonendi”
648 1496 781 1562 verbum
806 1498 866 1560 hoc
890 1517 955 1561 uno
981 1499 1120 1561 occurrit
1144 1497 1224 1561 locu.

250 1614 269 1689 ἓ
296 1611 334 1673 ll
363 1610 431 1692 „No
456 1631 520 1674 una
543 1612 672 1695 quidem
697 1612 804 1694 attigit
825 1611 917 1675 litera
936 1610 1250 1694 religionis'':
1274 1630 1331 1695 pru

209 1724 268 1806 „de
291 1723 465 1808 religione”
492 1723 615 1804 (Marii.
639 1745 670 1808 p.
696 1723 783 1809 336).
808 1724 845 1787 af.
871 1723 995 1789 Cluent.
1023 1726 1102 1787 184:
1131 1726 1183 1806 „in
1211 1724 1332 1808 quibus

204 1836 330 1902 tabellis
354 1838 404 1902 de
427 1838 472 1902 fu
486 1843 557 1903 rto
580 1839 672 1904 litera
694 1838 784 1902 nulla
807 1835 1001 1902 invenitur.”

250 1953 356 2016 Aliam
393 1955 524 2016 omnino
555 1970 626 2017 esse
657 1971 723 2016 rem
748 1951 788 2015 ad
810 1950 884 2014 fam.
908 1951 925 2014 Ι
952 1951 967 2013 l
996 1952 1202 2033 (calumniam
1226 1953 1331 2017 reli·

205 2067 248 2151 gi
262 2086 280 2130 o
292 2087 312 2129 n
326 2068 336 2129 i
350 2070 375 2148 s)
400 2086 465 2130 non
488 2067 651 2150 perspexit
676 2065 855 2145 Gesnorus3
877 2070 1018 2148 nugatur
1038 2072 1143 2130 autam
1156 2065 1332 2150 Lahmeye-

206 2201 263 2245 rus
286 2200 314 2264 p.
340 2181 381 2243 47
396 2200 442 2264 sq.
469 2217 508 2226 -
532 2179 621 2244 Idem
645 2179 711 2243 fere
736 2180 851 2241 vitium
878 2180 1018 2243 occurrit
1042 2179 1194 2243 dedomo
1217 2181 1330 2258 §1282

210 2315 330 2376 „unum
357 2295 490 2359 ostende
513 2293 648 2358 verbum
672 2290 943 2357 conseerationis”
969 2312 994 2357 e.
1008 2313 1036 2376 q.
1050 2313 1074 2358 s.

251 2413 270 2488 ἓ
296 2411 335 2472 13
363 2410 427 2496 „ita
452 2416 500 2473 est
523 2410 608 2472 anim
632 2408 850 2490 interpretatio
873 2407 928 2470 illa
952 2406 1150 2490 pontificum,
1176 2409 1326 2473 uteidam

205 2529 394 2608 potestatem
438 2522 576 2587 habeant
607 2519 784 2586 iudicum.”
818 2519 1021 2605 Quamquam
1058 2523 1248 2605 perspicuus
1284 2529 1331 2588 est

206 2658 320 2704 sensus
344 2641 440 2720 (recte
464 2639 548 2703 enim
572 2643 645 2721 pust
668 2635 831 2700 Klotaium
857 2657 885 2720 p.
912 2637 975 2699 978
996 2655 1042 2720 sq.
1056 2637 1221 2706 siolooum
1235 2639 1332 2701 vertit

207 2751 381 2835 Lahmeyer
415 2772 443 2836 p.
479 2753 539 2815 48:
579 2749 694 2838 „Denn
731 2752 788 2814 mit
819 2751 910 2832 jener
946 2749 1129 2834 Erilirung
1153 2751 1209 2814 der
1232 2748 1330 2815 Ober-

206 2869 338 2951 priester
362 2868 446 2931 steht
469 2885 503 2930 es
526 2865 650 2930 soloher
674 2865 804 2948 Gestalt,
828 2864 901 2928 dass
922 2861 987 2928 sie'’
1002 2887 1031 2928 u.
1047 2885 1070 2929 s.
1087 2870 1136 2948 w.)
1150 2867 1220 2949 ipsa
1232 2866 1330 2930 verba

207 2988 281 3046 sunt
304 2983 420 3065 inepta.

250 3095 362 3158 Ibid.
401 3095 475 3182 „alii
510 3095 567 3177 qui
602 3092 777 3157 honoribus
811 3093 922 3176 populi
945 3091 981 3156 R.
1006 3091 1328 3158 antecedant.”

250 3208 394 3274 Verbum
420 3210 575 3292 ineptum,
599 3226 828 3291 nusquamque
853 3207 913 3269 hau
936 3205 1170 3291 significatione
1193 3206 1329 3271 obviam.

251 3329 269 3404 §
295 3326 337 3386 14
374 3321 441 3406 „De
475 3323 535 3386 hoe
558 3323 659 3406 igitur
682 3317 772 3384 looo''
796 3339 820 3385 e.
835 3341 865 3404 q.
880 3340 904 3384 s.
928 3319 1000 3383 Vid.
1025 3319 1099 3404 Oap.
1121 3319 1154 3383 Π
1173 3341 1204 3404 p.
1225 3321 1267 3385 40
1281 3341 1329 3404 sq.

252 3438 402 3503 Oontorte
424 3438 633 3521 imperiteque
658 3437 873 3499 enuntiatum.

251 3557 269 3632 ᾖ
295 3553 335 3615 15
374 3551 538 3639 „Primum
570 3552 734 3634 negotium
755 3549 856 3613 isdem
883 3546 1123 3632 magistratibus
1147 3553 1195 3613 ast
1218 3549 1329 3612 datum

208 3685 291 3729 anno
314 3667 489 3750 superiore,
516 3669 552 3728 ut
575 3667 725 3728 curarent
746 3667 783 3727 ut
802 3663 871 3727 sine
892 3663 923 3724 vi
943 3660 1110 3727 aedificare
1123 3663 1201 3725 mihi
1213 3662 1331 3742 liceret,

208 3778 325 3862 quibus
360 3779 392 3841 in
429 3778 579 3841 maximis
614 3775 767 3861 perieulis
804 3777 956 3840 univorsa
978 3795 1030 3840 res
1054 3797 1083 3860 p.
1108 3777 1326 3840 commendari

207 3890 315 3956 solet.’'

248 4005 399 4070 Absurda
423 4024 473 4070 me
496 4005 603 4070 iudice
627 4008 789 4068 structura
813 4003 994 4068 verborum.

249 4123 268 4198 g
293 4119 333 4181 16
358 4118 521 4184 Ciceronis
544 4118 659 4182 domus
686 4118 827 4205 „iudicio
855 4114 1001 4181 munita”
1025 4118 1087 4180 iam
1113 4117 1328 4183 abErnes-

206 4235 271 4299 tio
296 4234 544 4318 vituperabatur.

249 4353 267 4430 ὅ
293 4351 334 4414 18
357 4347 405 4414 De
430 4350 581 4413 universo
605 4348 755 4411 hocloco
779 4347 818 4411 of.
844 4365 989 4431 eaquae
1013 4348 1175 4433 disputavi
1188 4367 1255 4433 oap.
1269 4348 1325 4416 IV.
