3274 5192
755 661 793 722 21

259 847 278 928 ξ
310 847 351 909 30
383 851 415 910 et
449 846 490 910 63
521 845 672 910 absonam
698 845 868 910 verborum
893 848 1112 931 repetitionem
1138 848 1221 913 tueri
1245 868 1339 912 oona-

208 964 263 1022 tur
283 964 322 1042 tp.
348 960 400 1040 56)
424 961 486 1023 alio
511 960 605 1024 allato
631 959 775 1024 Caesaris
800 961 939 1044 quodam
964 962 1053 1042 loco;
1080 962 1098 1043 ξ
1128 963 1189 1025 102
1216 963 1336 1026 textui-

207 1075 426 1156 patrocinatur
450 1073 566 1136 tradito
591 1074 714 1138 collatis
737 1074 815 1138 locis
839 1074 1032 1158 quibusdam
1058 1075 1146 1139 Livii
1171 1081 1202 1140 et
1224 1075 1338 1140 Caesa-

210 1187 255 1251 ris
280 1224 321 1234 -
346 1187 404 1270 qui
438 1189 558 1271 sciptor
595 1207 788 1272 magnopere
819 1191 852 1252 in
877 1189 999 1254 deliciis
1023 1208 1093 1254 esse
1117 1190 1244 1254 videtur
1269 1191 1338 1253 viro

213 1300 242 1363 d.
265 1337 307 1348 -
332 1299 456 1366 Deinde
492 1321 567 1366 vero
592 1303 626 1364 in
650 1302 819 1380 afferendis
845 1323 886 1368 ex
910 1304 979 1387 ipso
1004 1303 1157 1368 Cicerone
1181 1304 1260 1367 locis
1283 1324 1338 1387 pa·

213 1414 331 1478 rallelis
351 1418 479 1499 saepius
500 1417 672 1481 doctiorem
693 1436 728 1481 se
751 1422 889 1501 praestat
915 1438 1010 1501 quam
1035 1419 1226 1482 acutiorem:
1253 1419 1271 1500 ξ
1297 1419 1339 1481 26

213 1531 326 1593 miram
363 1529 558 1594 locutionem
598 1549 659 1611 „ex
692 1549 746 1595 ore
779 1531 999 1614 impurissimo
1035 1530 1107 1595 Sex,
1145 1530 1247 1594 Clodii
1271 1550 1338 1594 rem

213 1645 455 1709 frumentariam
490 1663 561 1709 esse
596 1641 755 1729 ereptam'’
791 1645 933 1709 defendit
965 1647 1004 1728 (p.
1031 1645 1083 1725 57)
1107 1645 1177 1708 coll.
1201 1645 1282 1708 Phil.
1305 1645 1339 1707 Il

215 1758 256 1821 68
301 1762 359 1824 »tu
392 1759 522 1822 illarum
559 1759 686 1823 aedium
723 1758 773 1822 dis
800 1735 978 1843 ¹penatibus
1013 1778 1049 1822 os
1083 1760 1339 1843 impurissimum

213 1871 426 1936 ostendere?’'
461 1871 492 1934 V
515 1874 556 1936 20
596 1874 649 1954 „in
676 1891 726 1937 me
749 1871 913 1937 absentem
938 1873 1113 1937 orationem
1139 1892 1180 1937 ex
1203 1891 1258 1936 ore
1281 1875 1339 1937 im-

214 1987 386 2070 purissimo
421 1985 593 2051 evomuit.'’
628 1984 727 2062 Quasi
762 2004 837 2050 vero
863 1985 1000 2051 Wolfius
1032 1987 1188 2051 haesisset
1210 1988 1244 2049 in
1270 2006 1339 2051 ver-

213 2098 327 2164 borum
353 2101 579 2165 coniunctione
605 2120 660 2182 „os
678 2099 966 2183 impurissimnm’',
979 2119 1043 2164 non
1056 2101 1177 2164 veroin
1191 2119 1340 2184 perversa

212 2215 412 2299 metaphora:
442 2234 528 2296 „rem
552 2214 794 2278 frumentariam
816 2215 937 2298 eripere
956 2232 1063 2278 exoro
1077 2213 1338 2296 impurissimo’'l

259 2328 447 2393 Subsimilia
482 2334 589 2393 autem
623 2327 753 2393 exhibet
787 2348 816 2411 p.
848 2330 889 2391 58
927 2327 978 2408 (de
1013 2328 1031 2409 ξ
1065 2327 1135 2408 60);
1171 2346 1200 2409 p.
1232 2327 1271 2388 61
1309 2332 1340 2391 et

217 2443 302 2507 alibi.

259 2556 293 2621 Si
318 2557 457 2640 denique
481 2557 655 2621 transimus
680 2557 719 2620 ad
743 2558 845 2640 ipsam
871 2561 1011 2620 nostram
1025 2560 1168 2637 aetatem,
1181 2554 1343 2637 videmus

215 2689 326 2735 omnes
348 2671 414 2734 fere
437 2670 608 2734 hodiernos
633 2672 718 2734 viros
743 2670 794 2734 dd.
817 2672 942 2734 ineam
964 2670 1134 2734 reccidisse
1156 2670 1338 2753 opinionem

215 2804 297 2869 qnae
321 2784 445 2849 valebat
468 2791 641 2868 autequam
666 2784 875 2848 Marklandns
901 2785 1145 2847 utilissimosno
1159 2785 1339 2866 conscripto

216 2898 297 2962 libro
331 2899 466 2982 primam
504 2898 542 2962 de
573 2899 692 2962 nostris
716 2897 914 2961 orationibus
939 2900 1082 2960 moverat
1105 2896 1338 2980 suspicionem:

218 3015 345 3094 etenim,
380 3013 488 3096 opinio
518 3012 613 3076 hodie
636 3013 719 3076 infer
743 3011 921 3094 philologos
945 3015 1071 3074 tantum
1095 3030 1160 3073 non
1184 3015 1232 3074 est
1256 3029 1340 3073 com·

220 3129 336 3208 munia,
359 3145 470 3191 omnes
495 3127 588 3190 hasce
612 3127 770 3189 orationes
796 3124 941 3188 Ciceroni
964 3143 1075 3189 revera
1094 3143 1164 3190 esse
1178 3125 1342 3188 vindican-

219 3240 284 3321 das,
308 3258 412 3323 neque
435 3246 499 3303 tarn
522 3241 633 3323 gravia
657 3258 727 3303 esse
751 3257 894 3322 eaquae
918 3237 1342 3315 contraearnmyanoro'rnra

218 3355 340 3436 possint
362 3353 477 3433 afferri,
501 3358 537 3416 ut
559 3353 630 3415 iure
650 3371 668 3414 a
688 3353 807 3415 summi
819 3350 1044 3415 abiudicentur
1056 3353 1191 3414 oratoris
1203 3352 1341 3415 nomine.

262 3466 315 3531 Sic
350 3467 524 3549 Hofmann,
554 3469 703 3551 husgevv.
728 3465 835 3532 Brieie
858 3487 921 3530 von
946 3465 1055 3530 Cicero
1079 3465 1109 3529 1⁵
1137 3467 1222 3528 1884
1246 3487 1274 3550 p.
1301 3467 1340 3528 77

219 3590 249 3648 et
285 3586 326 3647 82
362 3585 537 3647 orationem
571 3602 600 3665 p.
634 3581 699 3645 red.
731 3582 765 3643 in
800 3579 919 3645 Senatu
956 3584 1109 3662 tanquam
1135 3598 1209 3643 vere
1232 3579 1342 3644 laudat

221 3697 469 3763 Ciceronianam.

265 3813 419 3894 Mergnet,
453 3809 529 3873 Lex.
564 3829 604 3872 zu
641 3809 702 3872 den
734 3807 845 3873 Reden
869 3807 924 3872 des
948 3806 1057 3871 Cicero
1082 3825 1193 3871 omnes
1216 3810 1341 3871 nostras

221 3926 381 3989 orationes
404 3943 460 4007 pro
482 3925 634 4008 genuinis
658 3923 764 3988 habet.

221 4129 328 4187 possunt
345 4126 469 4187 exempla.
487 4099 559 4172 Mihi
568 4128 656 4173 antem
674 4136 827 4186 persuasum
844 4126 891 4184 est,
908 4135 1125 4184 unumquemque
1134 4124 1265 4170 auctorem
1275 4126 1345 4170 vele-

220 4230 275 4265 rem
293 4231 324 4264 ex
341 4230 368 4265 se
387 4217 442 4279 ipso
458 4215 579 4279 explicari
596 4215 688 4264 dehere
706 4214 748 4277 (cf.
768 4229 790 4262 v.
808 4214 839 4263 cl.
858 4229 880 4262 v.
901 4212 1036 4276 Leeuwen,
1055 4211 1162 4262 Enehir.
1179 4211 1238 4261 dict.
1258 4209 1301 4275 Ep.
1322 4227 1344 4275 p.

221 4305 322 4370 LXXI),
338 4307 474 4370 praecipue
491 4312 579 4356 autem
597 4307 618 4356 si
637 4311 675 4355 tot
692 4307 748 4356 eins
766 4304 896 4368 supersint
914 4305 1008 4368 scripta
1027 4309 1090 4368 quot
1108 4303 1139 4353 ad
1157 4318 1203 4352 nos
1222 4318 1346 4367 pervene-

221 4405 285 4450 runt
303 4398 440 4450 Ciceronis.
