3288 5186
881 634 922 698 78

335 822 441 907 quoad
475 822 600 887 sinebat
634 823 772 906 spatium
807 822 941 886 tractavi
975 825 1163 905 argumenta
1195 838 1277 904 quae
1298 819 1457 902 pertinere

334 936 504 1000 videantur
526 935 565 998 ad
588 935 733 1019 singulos
756 935 843 998 locos
867 935 1060 1018 singulaque
1083 935 1132 998 vel
1154 932 1455 997 voeabulavelver·

333 1048 447 1113 borum
480 1049 644 1130 formulas,
678 1049 871 1132 paucissima
906 1048 1062 1131 quaedam
1098 1047 1137 1111 de
1169 1053 1307 1130 quatuor
1337 1047 1455 1110 nostris

332 1162 530 1227 orationibus
553 1163 587 1225 in
612 1164 799 1237 universum
824 1161 940 1226 addere
964 1162 1068 1226 velim.
1395 1238 1397 1244 Ι

376 1274 483 1352 Quum
526 1276 627 1359 igitur
668 1280 792 1339 constet
837 1273 928 1359 (Cic,
974 1274 1066 1337 Brut.
1104 1274 1184 1353 1853
1220 1271 1257 1336 cl.
1294 1272 1377 1352 2763
1414 1271 1453 1334 cl.

333 1389 441 1466 Quint.
474 1390 499 1453 I.
524 1388 560 1453 Ο.
594 1390 644 1453 ΙΙΙ
679 1392 708 1472 5,
744 1391 774 1470 2)
805 1392 867 1453 tria
897 1390 1055 1473 imprimis
1090 1407 1160 1453 esse
1194 1406 1277 1471 quae
1309 1385 1453 1450 Romano

332 1505 449 1567 oratori
484 1505 549 1567 sint
584 1503 750 1568 efficienda
786 1502 930 1584 dicendo,
964 1522 1079 1586 nempe
1111 1511 1147 1566 ut
1177 1502 1405 1564 doceatur
1427 1501 1453 1564 is

332 1617 418 1700 apud
441 1636 537 1700 quem
563 1617 745 1698 dicatur,ut
770 1616 1053 1697 delectetur,
1077 1620 1113 1679 ut
1137 1621 1452 1679 moveaturve·

333 1731 524 1810 hementius,
558 1731 677 1814 quibus
708 1732 742 1793 in
766 1730 862 1795 rebus
886 1730 999 1795 docere
1022 1731 1064 1793 sit
1088 1729 1231 1793 debitum
1255 1728 1305 1809 (cf.
1329 1727 1368 1792 de
1392 1733 1452 1811 opt.

330 1864 401 1928 gen.
436 1864 479 1908 or.
517 1847 560 1926 3),
594 1846 750 1910 delectare
781 1845 998 1925 honorarium,
1016 1861 1203 1928 permovere
1226 1845 1453 1924 necessarium,

331 1964 456 2022 tantum
491 1957 581 2022 abest
616 1963 652 2022 ut
687 1962 814 2022 nostrae
838 1959 997 2022 orationes
1022 1957 1073 2021 vel
1096 1976 1161 2020 uno
1186 1957 1237 2020 vel
1261 1956 1360 2020 altero
1383 1975 1452 2040 gra-

332 2072 535 2136 vissimorum
572 2071 685 2134 horum
723 2070 957 2154 perfungantur
990 2089 1172 2152 munerum,
1196 2075 1232 2133 ut
1255 2089 1273 2134 e
1295 2070 1452 2133 contrario

378 2185 404 2246 l.
434 2183 611 2247 auditorem
646 2190 822 2248 vexent
850 2203 887 2247 ac
918 2189 1044 2247 tautum
1075 2202 1140 2245 non
1173 2188 1377 2247 enecent
1408 2182 1450 2245 lo·

330 2297 523 2380 quacissima
547 2297 684 2381 quadam
709 2296 896 2380 garrulitate
920 2317 1015 2380 quarn
1040 2299 1068 2360 si
1095 2298 1279 2360 accuratius
1302 2297 1450 2379 inspexe-

330 2412 374 2474 ris
405 2410 485 2473 nihil
516 2412 647 2474 0mnino
678 2411 824 2475 invenies
855 2411 919 2473 nisi
942 2397 1144 2492 singularum
1170 2409 1358 2473 vocularum
1383 2410 1450 2472 lite·

330 2541 506 2606 rarumque
541 2524 723 2607 congeriem
757 2522 1014 2606 farraginemque
1044 2524 1226 2607 ingentem;
1251 2524 1284 2585 in
1309 2524 1450 2586 oratione

330 2657 406 2701 vero
430 2637 469 2701 de
493 2637 587 2700 domo
610 2636 736 2700 auditor
759 2656 812 2701 ex
824 2656 841 2700 c
855 2623 958 2700 ruci
971 2642 1014 2700 at
1028 2657 1048 2700 u
1061 2657 1077 2699 r
1095 2637 1221 2721 prolixo
1234 2655 1378 2701 excursu
1392 2637 1446 2720 qui

330 2756 416 2815 totus
452 2756 500 2815 est
534 2757 625 2816 extra
655 2770 794 2832 causam,
826 2751 845 2832 ξ
878 2751 1003 2830 1-31;
1028 2770 1128 2833 quum
1154 2757 1261 2815 autem
1285 2754 1449 2814 consenta-

329 2884 425 2928 neum
461 2866 511 2946 sit,
542 2864 698 2928 eiusmodi
730 2863 984 2948 digressionibus
1014 2867 1156 2948 apprime
1180 2885 1261 2948 opus
1285 2884 1356 2930 esse
1379 2863 1449 2928 stilo

328 2979 566 3061 elegantissimo
590 2979 790 3042 limatissimo
817 3015 857 3024 -
882 2977 920 3041 cf.
944 2977 1048 3059 Halm,
1072 2977 1156 3041 ilinl.
1180 2999 1220 3042 au
1244 2998 1301 3062 pro
1320 2978 1449 3057 Archia,

327 3092 345 3175 5
370 3092 406 3154 6:
434 3093 610 3176 ,hingegen
638 3092 783 3157 bedurlte
807 3092 968 3174 derjenige
990 3091 1139 3156 Teil‘der
1161 3091 1259 3173 Rode,
1283 3091 1339 3156 der
1358 3097 1449 3155 extra

327 3224 458 3268 causam
489 3206 539 3289 ist,
573 3207 645 3270 eine
667 3225 794 3289 genaue
816 3204 1055 3289 Verbereitung
1076 3204 1130 3268 fiir
1153 3205 1213 3269 den
1239 3204 1387 3289 Vortrag,
1411 3205 1449 3268 da

327 3319 416 3382 seins
446 3308 708 3402 Hauptwirkung
741 3338 803 3381 von
835 3318 891 3382 der
922 3318 1020 3382 schiin
1045 3318 1244 3401 gerundeten
1271 3319 1338 3381 und
1362 3338 1448 3402 sorg-

324 3431 415 3515 faltig
449 3431 658 3516 ausgeleilten
693 3430 902 3515 Darstellung
937 3431 1077 3515 abhing”
1115 3469 1154 3478 —
1192 3432 1236 3495 ita
1267 3432 1318 3495 hic
1343 3433 1448 3495 omnia

323 3545 453 3610 sordere
477 3564 515 3607 ac
537 3545 659 3608 inculta
682 3545 787 3609 iacere
811 3545 958 3609 videmus
973 3543 1013 3625 1);

372 3659 400 3721 2.
432 3658 510 3721 nihil
532 3659 565 3721 in
590 3659 772 3722 auditorum
797 3659 914 3722 animis
938 3657 1165 3742 mentibusque
1188 3678 1373 3725 movere
1396 3680 1448 3723 va·

325 3772 412 3836 leant
446 3773 509 3836 nisi
543 3774 708 3853 risum,
743 3791 850 3856 neque
884 3791 958 3835 eum
991 3771 1094 3836 lenem
1128 3792 1187 3836 nee
1219 3793 1362 3856 suavem,
1394 3774 1448 3838 sed

324 3884 475 3949 acerbum
510 3886 702 3969 plerumque
733 3891 829 3969 atque
854 3886 1111 3965 stomachosum3
1135 3887 1167 3950 id
1192 3893 1299 3951 autem
1325 3893 1356 3950 et
1380 3905 1447 3970 per·

324 3998 435 4063 multis
469 3999 509 4062 de
542 4001 649 4063 causis
685 4019 766 4082 quas
800 4018 897 4081 supra
920 4018 996 4062 oum
1019 3999 1137 4064 lectore
1160 3999 1447 4080 communicabam,

328 4166 474 4175 ——

359 4255 387 4320 i)
415 4257 444 4305 In
471 4270 529 4306 earn
555 4255 697 4306 orationem
722 4256 761 4306 de
785 4256 900 4320 domo,
923 4270 989 4320 quae
1013 4256 1045 4306 ad
1064 4271 1110 4307 nos
1130 4258 1255 4322 pervenit,
1272 4258 1380 4308 omnino
1396 4271 1445 4307 non

326 4346 459 4411 quadrant
477 4346 560 4411 ipsius
579 4346 708 4396 Ciceronis
726 4347 775 4397 hac
792 4346 824 4396 de
841 4360 870 4396 re
887 4346 973 4411 verba,
990 4361 1058 4411 quae
1073 4348 1150 4398 attuli
1167 4362 1221 4412 cap.
1240 4348 1274 4397 lV
1292 4349 1350 4398 init.
