3288 5186
743 650 783 712 81

200 837 322 900 dixisse
345 856 379 901 se
403 837 442 902 de
466 838 559 901 domo
584 857 642 902 sua
666 839 706 901 ad
728 838 895 927 pontifices
911 835 941 920 ¹),
965 838 1003 902 de
1027 837 1233 921 haruspicum
1258 853 1323 900 res·

158 936 160 942 ’
200 968 300 1032 ponso
323 951 357 1012 in
381 952 542 1032 senatui),
566 989 607 997 —
632 955 664 1016 et

245 1062 287 1124 2⁰.
317 1063 486 1128 Praeterea
518 1067 606 1128 varia
638 1065 676 1128 ad
702 1085 760 1129 nos
782 1069 998 1148 pervenerunt
1021 1065 1213 1147 scriptorum
1236 1065 1323 1129 testi-

202 1176 307 1237 monia
323 1170 326 1180 '
342 1195 383 1239 ex
419 1177 538 1260 quibus
574 1183 702 1261 apparet
735 1197 789 1242 eos
814 1179 984 1261 scriptores
1008 1177 1134 1242 easdem
1160 1197 1240 1260 quas
1264 1197 1323 1240 nos

201 1287 294 1352 hodie
328 1290 466 1373 legimus
501 1293 659 1356 orationes
691 1299 723 1355 et
752 1297 844 1356 notas
876 1298 906 1355 et
931 1311 986 1375 pro
1011 1310 1085 1355 vere
1107 1290 1324 1355 Ciceronianis

202 1400 359 1466 habuisse.
397 1401 509 1478 Qualia
544 1406 735 1486 testimonia,
771 1412 808 1468 ut
842 1407 911 1489 ipsa
943 1404 1003 1469 fert
1038 1423 1098 1486 res,
1132 1404 1171 1468 ab
1202 1405 1242 1467 iis
1267 1405 1323 1487 qni

201 1518 359 1597 genuinas
390 1537 460 1582 esse
495 1523 620 1583 nostras
656 1520 815 1583 orationes
845 1524 986 1600 censent,
1016 1518 1174 1582 tolluntur
1196 1519 1229 1580 in
1254 1536 1322 1582 cae·

202 1627 287 1708 lum;
313 1650 377 1712 quo
401 1636 507 1695 autem
533 1633 604 1696 iure
627 1653 742 1716 magna
764 1615 923 1696 eiusmodi
946 1634 1121 1697 enuntiatis
1141 1633 1271 1716 (sparsis
1293 1636 1324 1696 et

203 1760 296 1824 saepe
332 1744 500 1828 mutilatis)
534 1744 695 1809 tribuatur
725 1747 907 1827 auctoritas,
930 1764 1017 1809 nunc
1049 1744 1141 1808 nobis
1164 1745 1224 1808 erit
1249 1763 1323 1808 exa-

204 1857 389 1921 minandum
415 1878 451 1921 ac
473 1861 743 1943 investigandum.

248 1966 353 2043 Quum
379 1991 454 2035 vero
478 1973 546 2052 (1⁰.)
569 1992 625 2056 pro
650 1978 735 2036 certo
758 1974 842 2036 inter
865 1991 976 2037 omnes
995 1973 1089 2037 hodie
1102 1978 1225 2037 constet
1237 1974 1323 2037 viros

204 2081 263 2163 dd,
285 2102 396 2147 revera
420 2085 542 2150 dixisse
566 2086 749 2151 Ciceronem
775 2087 814 2150 de
837 2087 949 2150 iisdem
974 2088 1173 2170 argumentis
1193 2088 1323 2170 quaein

203 2197 320 2260 nostris
342 2204 576 2280 pertractentur
599 2199 805 2281 orationibus,
829 2201 934 2262 statim
958 2200 1094 2263 transire
1112 2200 1186 2264 lieet
1205 2199 1324 2278 ad(2⁰.l

203 2327 257 2372 eos
280 2315 378 2375 testes
402 2313 458 2395 qui
481 2313 579 2377 verba
601 2313 757 2377 nonnulla
774 2301 913 2376 ¹laudant
933 2331 974 2376 ex
987 2288 1104 2377 nostris
1117 2311 1322 2376 orationibus.

205 2419 268 2496 Qui
290 2430 397 2488 autem
422 2446 440 2488 a
464 2428 542 2490 viris
566 2426 616 2489 dd.
641 2426 785 2491 adhiberi
807 2427 919 2508 solent,
944 2431 1020 2490 sunt
1041 2426 1108 2490 fere
1131 2426 1178 2489 hi:

247 2535 270 2598 Ι.
317 2538 358 2601 ad
381 2540 556 2603 orationem
574 2545 648 2623 post
670 2540 805 2604 reditum
827 2541 863 2603 ta
886 2543 1008 2606 senatu.

245 2649 354 2714 Testes
388 2652 506 2716 adsunt
537 2637 851 2736 Plutarchus,
874 2652 1145 2717 Macrobius
1169 2652 1321 2736 (quorum

204 2762 299 2826 verba
323 2764 493 2829 videantur
515 2767 607 2847 infra,
631 2787 659 2850 p.
685 2768 726 2829 87
740 2770 817 2850 εᾳ.);
842 2767 957 2831 deinde

247 2875 531 2944 Lactantius
555 2881 584 2943 V
609 2881 638 2964 9,
665 2881 721 2943 li:
750 2882 827 2962 ,qui
850 2881 1084 2945 sanctissimam
1105 2901 1234 2964 quoque
1254 2900 1323 2946 cor-

203 2991 289 3072 poris
325 2994 376 3055 sui
410 2999 530 3076 partem
555 2975 674 3058 ¹contra
705 2994 753 3057 fas
777 3014 871 3058 omne
895 2995 1040 3078 polluant
1063 3000 1094 3058 et
1117 2994 1326 3078 profanent;''

203 3104 286 3167 inter
310 3124 405 3188 quem
432 3107 535 3170 locum
561 3113 591 3172 et
616 3109 634 3188 ᾗ
661 3110 699 3170 ll
724 3115 860 3193 nostrae
875 3110 1028 3172 orationis
1051 3109 1218 3173 intercedit
1238 3111 1326 3173 simi-

203 3216 305 3280 litudo
330 3220 484 3301 quaedam
513 3220 582 3300 (ubi
607 3221 669 3284 vid.
693 3221 834 3306 Wolf).

248 3331 282 3393 M
294 3337 577 3418 amertinus,
615 3335 699 3399 Grat.
735 3341 794 3399 act.
828 3335 889 3400 Iul.
922 3355 947 3399 c.
971 3337 1030 3399 31:
1059 3334 1183 3416 ,Nunc
1207 3338 1233 3400 si
1258 3336 1324 3419 tibi,

204 3447 382 3530 imperator,
405 3469 518 3532 parum
542 3451 647 3534 ampla
666 3469 726 3516 nee
744 3451 957 3534 respondente
970 3451 1090 3514 meritis
1103 3451 1168 3514 tuis
1181 3452 1324 3514 oratione

207 3580 284 3625 usus
307 3562 447 3646 videbor,
471 3584 590 3647 quaeso
615 3564 858 3648 obtestorque⁸)
883 3583 922 3627 ne
947 3583 1035 3627 meae
1058 3564 1090 3627 id
1114 3571 1246 3628 naturae
1269 3585 1324 3648 po·

206 3730 348 3743 ···—··-—

236 3835 264 3900 l)
284 3836 321 3886 nd
340 3838 392 3887 art.
410 3837 443 3886 IV
461 3837 485 3904 2,
502 3837 533 3887 2:
552 3838 629 3904 ,Post
646 3839 703 3887 illas
719 3838 791 3888 datas
808 3838 908 3889 litteras
924 3842 1012 3888 secuta
1029 3842 1069 3887 est
1083 3839 1327 3888 summucontentio

205 3926 235 3975 de
259 3927 342 3977 domo.
360 3929 479 3978 Diximus
496 3930 565 3993 apud
583 3929 717 3993 pontifices
734 3930 816 3994 pridie
834 3929 891 3979 Kal.
909 3927 1039 3978 Octobres.
1058 3929 1120 3977 elota
1137 3943 1178 3978 res
1195 3934 1234 3978 est
1251 3943 1327 3978 accu-

206 4023 260 4068 rate
278 4033 293 4068 a
311 4019 391 4083 nobis,
409 4026 443 4084 et,
460 4021 482 4071 si
502 4036 628 4086 umquam
646 4021 797 4072 indicendo
816 4021 915 4071 luimus
932 4021 1040 4084 aliquid,
1056 4025 1102 4070 aut
1120 4021 1328 4086 etiam,siuum·

206 4123 284 4172 quam
313 4112 376 4160 alias
401 4113 508 4177 luimus,
534 4119 592 4163 tum
619 4114 730 4177 prolecto
755 4113 851 4162 doloris
869 4112 1019 4176 magnitudo
1036 4111 1089 4160 vim
1106 4111 1238 4176 quandam
1256 4111 1329 4161 nobis
1403 4171 1406 4176 1

206 4199 303 4251 uroener
330 4202 433 4267 neustr
458 4205 490 4254 cr.
517 4204 548 4253 aa
565 4206 627 4255 ram.
648 4204 705 4255 mv
722 4203 746 4268 a,
765 4201 797 4268 33
816 4203 866 4254 vra.
884 4191 1108 4266 aldermon,
1127 4203 1168 4254 nr.
1186 4203 1211 4252 u
1229 4202 1329 4267 lnsqq.

239 4290 267 4356 2)
284 4292 320 4344 cl.
337 4293 369 4343 ad
387 4293 417 4352 Q.
435 4295 541 4345 tratrem
560 4295 584 4344 ll
600 4294 633 4362 43
652 4296 674 4345 lI
693 4293 717 4345 6.

239 4381 267 4448 3)
293 4385 412 4450 Notatur,
430 4387 499 4450 apud
517 4387 541 4436 M
552 4402 567 4437 a
578 4387 714 4436 mertin
725 4402 743 4435 u
753 4401 779 4434 m
796 4387 883 4436 deesse
900 4392 1094 4451 pronomen-te
1111 4391 1168 4452 post
1186 4386 1328 4454 „obtestor-

1211 4475 1228 4528 6
