3274 5192
861 666 882 726 4

308 871 345 917 ea
378 855 481 917 utitur
506 851 661 934 ,Oriticae
683 851 881 915 exercendae
902 849 1064 932 facultate,
1089 867 1171 932 quae
1195 846 1302 912 subito
1327 864 1432 910 more·

308 972 371 1048 tur,
406 968 493 1031 etin
516 985 583 1030 rem
606 965 832 1029 inveniendam
858 966 951 1048 quasi
975 965 1142 1048 repentino
1165 963 1276 1026 volatu
1299 958 1431 1042 fertur,’'

310 1099 458 1164 quaeque
493 1082 639 1164 proxime
673 1079 822 1144 accedere
857 1078 986 1142 ridetur
1019 1077 1058 1140 ad
1093 1074 1318 1159 „intuitivam”
1350 1092 1432 1158 quae

310 1199 441 1257 vocatur
478 1192 685 1274 „scientiam”
722 1193 778 1257 sed
813 1197 925 1256 contra
958 1211 1015 1273 ,ea
1038 1209 1129 1274 quae,
1152 1189 1272 1254 iudicio
1297 1208 1333 1252 ac
1357 1187 1433 1252 sub-

310 1308 424 1372 tilitate
457 1308 573 1388 nitens,
603 1307 704 1371 veluti
727 1306 861 1369 calculis
886 1304 1121 1388 computandiS,
1144 1303 1337 1387 pedetentim
1362 1321 1434 1385 pro·

310 1421 493 1506 greditur'’3
537 1424 590 1485 cui
632 1421 794 1505 cogitandi
839 1420 1153 1505 argumentandique
1196 1419 1311 1482 rationi
1348 1416 1433 1479 haud

310 1537 416 1619 inepte
442 1535 667 1618 ,inductivae’'
681 1534 703 1615 ¹)
727 1555 843 1599 nomen
867 1537 1011 1618 imponat
1035 1535 1109 1617 quie
1122 1533 1154 1614 ²).
1174 1532 1337 1596 Utantem
1351 1533 1434 1594 inter

311 1669 422 1713 omnes
454 1654 587 1729 constat,
617 1650 657 1712 iis
689 1649 745 1732 qui
770 1649 845 1712 huic
868 1667 903 1712 se
928 1648 1074 1712 dederint
1096 1648 1221 1711 critices
1244 1644 1435 1709 factitandae

311 1765 436 1842 rationi,
473 1764 658 1846 praesertim
696 1782 777 1846 opus
808 1781 878 1826 esse
909 1781 1026 1845 magno
1058 1761 1206 1825 acumine
1231 1760 1435 1841 sollertiaque

312 1876 530 1958 subtilissima,
553 1878 597 1940 ita
621 1877 778 1958 videmuS,
801 1877 879 1959 ipsis
903 1876 991 1940 hisce
1014 1875 1110 1939 rebus
1135 1877 1251 1938 mirum
1277 1878 1433 1957 quantum

312 1992 469 2056 excellere
503 1990 776 2068 Marklandum3).
811 1988 896 2066 Quin
932 1991 1030 2053 etium
1067 1989 1154 2052 haud
1177 2007 1248 2051 raro
1271 1992 1435 2070 tantopere

314 2107 480 2189 sagacitati
515 2124 592 2170 suae
625 2105 773 2189 indulget
809 2106 857 2167 vir
890 2104 1181 2188 ingeniosissimus,
1204 2104 1296 2166 utin
1320 2102 1433 2164 vitium

313 2223 440 2284 irruens
464 2222 566 2284 vitatu
591 2219 826 2299 difficillimum,
845 2220 1043 2302 argutiarum
1064 2219 1296 2300 spinarumque
1309 2220 1436 2298 captan-

314 2335 426 2399 darum
452 2335 570 2397 crimen
596 2334 734 2416 effugere
759 2334 946 2415 vixposeit.
970 2330 1022 2413 Et,
1046 2334 1082 2394 nt
1106 2330 1204 2394 libere
1228 2329 1331 2392 dicam
1351 2327 1435 2410 quod

314 2449 426 2529 sentio,
449 2467 692 2530 nonnumquam
718 2448 795 2509 mihi
820 2447 947 2510 videtur
972 2446 1145 2509 universus
1164 2441 1437 2507 Marklandiliber

314 2563 373 2626 etsi
397 2561 501 2644 palam
527 2568 638 2624 auctor
660 2559 845 2643 profiteatur
864 2561 980 2642 pietate
1000 2578 1075 2642 erga
1095 2557 1278 2621 Ciceronem
1292 2555 1437 2620 saluisse

314 2676 481 2739 inductum
508 2675 547 2738 ad
571 2674 776 2738 scribendum
790 2676 823 2754 ⁴),
848 2675 948 2757 magis
973 2671 1082 2737 deberi
1105 2673 1168 2755 ipsi
1188 2671 1263 2734 huic
1282 2668 1438 2752 voluptati

315 2935 445 2985 mirantur
469 2935 523 2984 fere
549 2948 653 2989 omnes,
675 2934 787 2997 qui....
815 2934 946 2998 (sequitur
963 2933 1020 2982 laus
1041 2931 1184 2981 Marklandi
1203 2931 1349 2980 studiorum
1368 2929 1438 2978 Cioe-

313 3027 510 3095 romanorum),
538 3027 583 3090 qui
610 3026 721 3089 denique
746 3031 772 3074 et
798 3025 888 3075 Latine
914 3025 1010 3076 sciebat
1036 3025 1144 3090 egregie,
1170 3028 1196 3074 et
1220 3028 1305 3087 poetas
1323 3025 1440 3071 accurate

313 3097 582 3184 intelligebat,deque
600 3119 631 3166 iis
648 3119 778 3181 eleganter
795 3123 821 3167 et
839 3122 907 3167 recte
924 3117 1069 3167 iudicabat:
1089 3117 1114 3166 in
1134 3131 1184 3180 qua
1205 3130 1232 3165 re
1250 3115 1439 3164 vehementera

316 3212 475 3270 Burmanno,
492 3211 520 3260 in
538 3210 699 3260 Praelatione
719 3208 858 3274 Virgiliana
878 3208 1060 3259 Marklandurn
1070 3209 1281 3272 reprehendente,
1291 3203 1439 3255 dissentio.”

349 3302 376 3366 l)
404 3302 504 3353 Clarius
528 3303 570 3352 hic
588 3307 694 3365 apparet
711 3302 811 3365 opinor,
827 3317 874 3352 our
892 3302 1023 3352 sincerum
1042 3301 1158 3365 Anglum
1177 3314 1256 3362 supra
1274 3297 1438 3347 recitaverim

318 3394 509 3449 Marklandum.

352 3487 379 3552 2)
407 3487 551 3551 Utramque
577 3487 727 3537 facultatem
755 3486 821 3535 miro
848 3485 922 3536 modo
945 3485 1109 3535 coniunctam
1128 3488 1206 3547 atque
1222 3483 1344 3533 sociatam
1362 3480 1441 3530 fuisse

319 3581 346 3628 in
364 3579 530 3641 Ruhnkenio,
547 3583 658 3628 testatur
678 3577 810 3643 Wyttenb.
828 3579 871 3626 l.l.
890 3576 1066 3625 Ruhnkenius
1083 3579 1171 3624 autern
1190 3574 1238 3624 hac
1256 3575 1282 3623 in
1302 3574 1440 3636 realiqua·

319 3677 396 3746 tenus
413 3671 556 3735 comparari
574 3676 655 3733 potest
671 3684 731 3720 cum
750 3669 903 3732 philosopho
920 3668 1044 3717 hodierno
1061 3683 1085 3716 v.
1103 3667 1267 3730 Hartmann3
1285 3666 1331 3730 qui
1349 3666 1375 3714 in
1394 3679 1440 3714 sua

319 3768 375 3813 arte
402 3763 502 3826 primus
527 3762 675 3812 felicissime
699 3761 862 3810 deductivam
888 3760 941 3809 sive
968 3760 1140 3824 syntheticam
1160 3758 1288 3808 rationem
1307 3758 1440 3820 coniungit

319 3869 379 3904 cum
398 3855 529 3904 inductiva
546 3854 599 3903 sive
616 3853 750 3917 analytica.

353 3949 379 4014 3)
398 3950 550 4013 anonymus
567 3949 611 4012 (an
639 3945 717 3995 Guit
728 3946 859 4010 BowyerP)
878 3944 903 3993 in
920 3944 1019 3993 libello:
1032 3959 1062 4009 ,a
1071 3941 1253 4008 Dissertation,
1264 3943 1290 3992 in
1302 3943 1388 3992 which
1398 3942 1441 3992 the

321 4040 503 4090 Observations
519 4040 547 4088 ol
561 4054 575 4088 a
593 4037 645 4088 late
663 4019 799 4099 Pamphlet
817 4041 843 4085 to
859 4036 904 4085 the
925 4034 1050 4100 Writings
1067 4036 1094 4083 of
1110 4035 1155 4084 the
1173 4035 1305 4094 Anoients,
1322 4035 1388 4084 after
1397 4033 1441 4082 the

320 4146 429 4182 manner
446 4131 473 4179 of
487 4131 536 4180 Mr.
555 4128 696 4190 Markland,
714 4143 758 4176 are
774 4127 868 4192 clearly
884 4127 1016 4175 answered
1033 4142 1055 4175 e.
1065 4141 1090 4189 q.
1100 4141 1120 4175 e.
1141 4124 1440 4187 London1746,”llark-

321 4223 429 4272 landum
458 4221 548 4286 ,divae
574 4221 682 4270 Criticae
700 4220 790 4269 unicas
807 4217 924 4267 delicias''
944 4218 1050 4267 vocavit.
1068 4245 1101 4253 -
1118 4218 1149 4266 cs.
1171 4216 1279 4266 Wolfrus
1296 4217 1323 4265 in
1342 4221 1442 4265 nostra-

322 4328 381 4363 rum
400 4328 451 4362 orr.
468 4313 579 4362 editione
595 4311 658 4361 1801
678 4326 702 4374 p.
722 4311 777 4360 llll.

356 4403 384 4467 4)
405 4403 547 4467 Markland,
564 4402 691 4453 Remarlrs
708 4408 755 4453 etc.
774 4417 797 4465 p.
815 4398 881 4449 348:
900 4400 997 4467 ,could
1016 4400 1103 4450 Cicero
1119 4406 1211 4451 return
1228 4401 1296 4450 from
1309 4401 1349 4450 his
1358 4415 1443 4465 grave,
