3288 5186
766 643 808 705 59

219 830 271 894 III
306 832 364 912 243
390 850 433 894 or.
460 831 522 893 125
536 850 599 915 sq.;
627 849 671 894 or.
695 833 774 914 part.
799 828 858 910 273
886 831 949 912 53),
971 834 1027 894 aut
1051 832 1084 894 in
1109 831 1345 896 commise-

220 944 486 1009 rationevel
512 944 937 1027 conquestionelad
961 943 1038 1008 Her.
1062 944 1132 1023 ll).

265 1061 348 1138 §17
389 1060 508 1141 „isdem
545 1059 708 1139 centuriis,
740 1057 860 1141 quibus
884 1059 1102 1141 conlocaratis,
1124 1058 1345 1143 reposuistis.''

220 1172 340 1238 Locum
374 1177 482 1258 inepte
513 1192 701 1258 expressum
733 1171 934 1256 obscureque
958 1175 1160 1238 enuntiatum
1184 1175 1347 1258 explicant

221 1288 282 1352 alia
316 1290 419 1372 ipsius
455 1287 565 1352 Nostri
601 1285 707 1369 verba,
743 1289 776 1351 in
809 1306 874 1352 sen.
900 1291 918 1366 5
943 1287 984 1350 27
1010 1294 1108 1352 extr:
1135 1293 1192 1370 „ut
1216 1289 1345 1353 eaedem

221 1404 393 1485 centuriae,
428 1422 510 1486 quae
546 1421 596 1465 me
633 1402 799 1466 consulem
831 1401 982 1483 fecerant,
1006 1403 1212 1467 consulatum
1237 1422 1345 1467 meum

220 1516 496 1603 comprobarent.''
530 1515 734 1580 Manutii
770 1516 887 1580 addere
921 1515 999 1581 libet
1032 1518 1344 1600 interpretationem:

222 1633 285 1716 „Ut
320 1632 507 1697 centuriatis
538 1630 677 1695 comitiis
701 1629 814 1694 consul
838 1629 942 1694 iactus
966 1650 1049 1712 sum,
1072 1631 1118 1695 sio
1141 1632 1210 1715 lege
1234 1637 1345 1696 centu·

218 1749 308 1812 riatis
331 1745 470 1809 comitiis
492 1743 556 1808 lata
578 1741 779 1836 restitutus.''

260 1865 278 1940 5
302 1861 342 1923 21
380 1858 494 1922 Latine
531 1877 595 1921 non
619 1862 705 1922 recte
728 1857 862 1921 dicitur:
890 1877 977 1939 „rem
1002 1857 1162 1942 publicam
1187 1858 1269 1925 bene
1291 1879 1345 1944 ge-

218 1976 327 2056 rendo,
352 2012 393 2022 -
418 1973 575 2036 rationem
610 1970 813 2055 repetend0.'’
848 1970 1068 2037 Mueller:
1104 1992 1180 2054 „„re
1210 1994 1238 2058 p.
1264 1972 1345 2038 bene

219 2087 379 2174 gerenda''
414 2087 566 2152 audacter
599 2084 743 2170 scripsi.'’
768 2083 832 2162 Qui
855 2087 958 2170 ipsius
983 2087 1205 2151 declamatoris
1229 2089 1343 2152 vitium

218 2203 396 2268 correxisse
419 2202 498 2265 mihi
522 2201 657 2265 videtur.

263 2322 282 2397 ἓ
307 2318 349 2380 22
376 2317 514 2398 „etenim
539 2315 742 2380 ulciscendae
764 2315 903 2380 iniuriae
925 2315 1049 2379 facilior
1071 2319 1151 2379 ratio
1176 2320 1224 2380 est
1248 2336 1344 2400 quam

219 2430 366 2497 beneficii
390 2429 627 2510 remunerandi,
650 2433 817 2512 propterea
841 2430 928 2513 quod
940 2431 1138 2513 superiorem
1152 2449 1222 2495 esse
1234 2437 1345 2495 contra

217 2544 381 2630 improbos
405 2545 513 2608 minus
537 2548 586 2608 est
609 2544 728 2627 negotii
753 2563 851 2626 quam
864 2542 956 2607 bonis
968 2542 1173 2627 exaequari.’'
1187 2543 1220 2606 M
1234 2544 1311 2607 ark
1325 2545 1345 2609 l.

218 2683 247 2746 p.
273 2663 354 2724 282:
394 2659 451 2741 „ln
486 2660 540 2724 the
568 2659 687 2723 former
710 2665 782 2743 part
805 2659 840 2722 of
860 2659 914 2724 the
937 2657 1103 2742 Sentence‚
1129 2659 1182 2724 the
1204 2658 1344 2724 Latin

215 2776 244 2840 is
268 2773 446 2855 doubtfull;
471 2776 505 2837 in
529 2774 583 2838 the
605 2773 708 2855 latter,
732 2774 786 2838 the
809 2771 942 2838 Sense.'’

594 2959 654 3024 ΠΙ.
701 2957 751 3024 De
772 2957 872 3024 Domo
896 2960 968 3024 Suo.

262 3127 325 3205 §3
363 3126 441 3207 „hos
476 3124 548 3189 talis
583 3126 680 3205 viros,
712 3125 769 3209 qui
800 3144 865 3188 non
890 3126 995 3190 solum
1019 3125 1162 3192 consiliis
1186 3129 1264 3210 suis,
1288 3129 1343 3193 sed

218 3241 314 3304 etiam
338 3239 499 3322 specie
521 3239 624 3322 ipsa
649 3238 836 3321 dignitatem
862 3242 907 3303 rei
931 3260 959 3322 p.
985 3239 1177 3306 sustinent.”

263 3351 348 3428 Quid
372 3351 434 3416 sibi
458 3353 559 3415 velint
582 3351 679 3416 verba
704 3353 829 3435 „speeie
851 3351 944 3437 ipsa’'
968 3373 1026 3438 ego
1050 3375 1114 3418 non
1139 3375 1301 3439 assequor.

263 3466 375 3551 Inepte
409 3467 471 3529 h.l.
507 3470 615 3530 noster
648 3467 800 3550 exprimit
836 3486 881 3542 ea,
917 3486 1000 3549 quae
1036 3469 1132 3552 paulo
1157 3470 1272 3534 melius
1297 3474 1346 3534 est

218 3581 364 3644 dicturus
399 3581 494 3658 §133
523 3578 613 3660 „Viri
638 3581 695 3663 qui
718 3599 778 3643 sua
802 3579 958 3663 dignitate
980 3600 1148 3664 personam
1173 3583 1284 3665 populi
1306 3581 1343 3646 R.

218 3699 314 3777 atque
338 3695 559 3757 auctoritatem
584 3694 711 3776 imperii
735 3692 961 3757 sustinerent.”

262 3808 324 3885 55
353 3807 459 3888 „hunc
494 3810 530 3870 tu
554 3807 737 3870 civem...
762 3807 874 3871 cedere
898 3807 1107 3871 curasti”
1131 3827 1188 3891 pro
1212 3810 1344 3893 coegisti

218 3921 316 4005 (quod
350 3925 460 3984 contra
490 3920 646 3984 librorum
678 3919 774 3985 fidem
799 3923 966 4005 proposuit
991 3919 1185 4002 Lambinus).
1209 3920 1344 3986 Hoto-

219 4054 430 4098 mannus:
470 4054 554 4116 „non
591 4036 723 4098 memini
755 4055 805 4100 me
830 4035 967 4100 similem
992 4036 1076 4119 apud
1100 4037 1187 4099 bunc
1210 4036 1345 4101 locutio-

218 4166 292 4211 nem
316 4146 611 4213 animadvertisse.”

263 4259 375 4324 Markl.
398 4282 426 4345 p.
451 4262 516 4325 374
528 4282 574 4346 sq.
603 4261 685 4344 „The
708 4263 802 4328 usual
826 4263 965 4328 Latin
989 4285 1059 4347 way
1084 4264 1119 4328 cf
1139 4265 1267 4350 writing
1292 4267 1334 4330 is:

229 4377 369 4458 „curasti
392 4380 427 4441 ut
449 4378 501 4441 hic
524 4374 678 4442 cederet.''
