3288 5186
853 637 895 701 58

354 823 481 890 Diserte
504 824 630 888 silentio
655 823 760 888 locum
785 825 946 908 praeteriit
970 823 1166 888 Klotziu
1180 843 1203 887 s.

354 941 373 1017 5
397 937 438 1001 36
473 936 579 1019 „Nihil
604 939 747 1001 minuam
772 938 811 1002 de
835 937 982 1003 libertate
1005 958 1075 1002 mea
1099 938 1234 1022 pristina
1258 935 1313 1000 sed
1337 936 1430 998 etiarn

309 1051 505 1137 adaugebo.''
527 1053 720 1137 Adaugendi
743 1051 876 1118 verbum
901 1055 971 1117 sine
994 1053 1118 1117 obiecto
1131 1051 1319 1132 adhibitum,
1331 1052 1432 1134 suspi-

310 1168 433 1231 cionem
459 1175 572 1231 movet.
596 1167 633 1230 cf.
657 1165 750 1231 Rosa.
775 1168 847 1230 Am.
872 1168 913 1231 30
937 1173 1063 1248 „tamen
1087 1167 1197 1230 haec
1220 1166 1291 1229 aliis
1304 1164 1432 1229 nefariis

311 1280 477 1344 cumulant
501 1287 598 1364 atque
622 1279 812 1364 adaugent.'‘

354 1391 586 1458 Declamatoris
625 1396 739 1457 vitium
774 1396 932 1478 corrigere
968 1401 1103 1459 conatus
1138 1400 1187 1459 est
1220 1393 1432 1459 Heumannus

310 1509 421 1590 (1735)
447 1527 549 1592 quum
574 1509 710 1572 coniecit
732 1527 779 1573 ea
794 1529 822 1572 nr
847 1529 904 1592 pro
932 1507 1077 1590 „etiam”.

353 1624 372 1700 5
396 1622 438 1685 39
463 1623 578 1705 puerili
601 1625 781 1706 conscripta
804 1642 875 1688 esse
899 1624 1026 1688 videtur
1049 1624 1130 1687 stilo.

722 1871 763 1935 5.
808 1871 864 1936 aa
889 1871 1033 1954 55555.

355 2082 416 2161 51
453 2084 576 2164 „eius
611 2083 891 2148 devotionis
927 2102 988 2147 me
1023 2102 1126 2148 esse
1161 2085 1431 2148 convictum

311 2197 431 2261 iudicio
456 2197 588 2262 deorum
612 2196 864 2261 immortalium''
888 2199 944 2260 vix
967 2196 1080 2262 Latine
1104 2197 1224 2262 dictum
1250 2199 1328 2262 mihi
1348 2199 1432 2263 vide

312 2316 373 2375 tur.
408 2312 483 2375 Alia
517 2317 565 2376 est
600 2311 770 2374 verborum
806 2317 969 2375 structura
1003 2311 1042 2375 de
1074 2312 1167 2376 domo
1198 2315 1217 2391 5
1244 2313 1305 2375 145
1333 2314 1433 2394 „hano

312 2427 513 2490 devotionem
538 2427 652 2508 capitis
678 2427 758 2489 mei.
773 2474 779 2487 .
792 2474 818 2488 ..
843 2427 1021 2489 convictam
1047 2444 1117 2490 esse
1131 2476 1136 2488 .
1150 2475 1157 2488 .
1170 2476 1177 2489 .
1191 2475 1198 2489 .
1223 2425 1373 2510 putabo.’'

354 2542 415 2619 52
441 2560 515 2603 oum
540 2539 728 2603 Marklando
752 2560 782 2623 p.
808 2541 872 2602 265
886 2559 932 2624 sq.
963 2542 996 2603 in
1023 2540 1204 2622 „laetitiae”
1231 2541 1345 2605 haereo
1359 2560 1432 2628 „vo-

309 2653 461 2739 luptate.”

354 2773 374 2846 5
399 2769 418 2831 3
445 2767 533 2849 „ludi
567 2768 707 2852 denique
736 2774 768 2832 et
792 2768 859 2833 dies
881 2767 955 2832 festi
979 2768 1056 2851 quid
1081 2766 1235 2832 haberent
1259 2769 1431 2852 voluptatis

311 2883 450 2947 carendo
485 2884 586 2966 magis
619 2882 765 2947 intellexi
797 2903 893 2967 quam
916 2881 1074 2947 fruend0'’
1099 2883 1151 2962 (de
1174 2902 1208 2948 re
1232 2883 1269 2946 cf.
1295 2903 1361 2967 cap.
1386 2883 1432 2946 IV

311 2997 411 3078 init.);

356 3110 555 3192 apertissime
589 3111 666 3175 haec
697 3116 841 3193 pugnant
872 3128 944 3173 cum
970 3111 1010 3174 iis
1034 3129 1117 3194 quae
1141 3109 1308 3194 profitetur
1331 3112 1432 3194 ipse

311 3222 420 3287 Cicero
455 3243 513 3307 pro
547 3225 642 3287 Arch.
683 3225 738 3304 133
763 3223 870 3288 Planc.
896 3223 954 3302 663
980 3224 1020 3287 ad
1044 3223 1129 3286 Fam.
1155 3223 1219 3286 VII
1248 3226 1281 3304 l;
1306 3225 1345 3288 ad
1369 3225 1432 3287 Att.

310 3336 358 3399 IV
382 3338 410 3399 8.
436 3374 477 3384 -
505 3337 595 3418 „Hoc
618 3338 695 3402 dicit
714 3338 848 3403 fortasse
856 3341 1008 3422 temporis
1022 3336 1166 3420 caussa,'’
1180 3337 1210 3401 M
1225 3359 1243 3402 a
1257 3359 1277 3401 n
1292 3359 1313 3402 u
1327 3345 1339 3402 t
1351 3341 1364 3401 i
1376 3360 1397 3402 u
1409 3358 1432 3402 s.

356 3450 427 3515 Nisi
451 3451 676 3534 confugiamus
699 3453 738 3516 ad
763 3453 868 3516 locum
894 3454 951 3537 qui
975 3455 1008 3516 in
1030 3453 1252 3517 huiuscemodi
1277 3454 1433 3536 quaestio·

312 3564 409 3629 nibus
449 3563 637 3642 γνησιότητος
679 3565 902 3631 defensoribus
945 3586 1070 3650 semper
1104 3568 1304 3651 optatissima
1338 3567 1433 3647 adest,

313 3678 521 3743 Cluentianae
556 3680 626 3743 dico
663 3699 687 3743 c.
726 3680 777 3760 50,
812 3681 900 3743 nulla
936 3684 1058 3745 ratione
1093 3701 1132 3746 ex
1167 3682 1226 3744 hac
1250 3680 1434 3744 difficultate

311 3795 468 3858 extricare
492 3813 550 3858 nos
573 3813 756 3877 possumus.

357 3908 419 3986 58
446 3906 697 3990 „promeritum”
721 3907 759 3971 cf.
784 3907 824 3970 ad
848 3909 882 3970 in
907 3927 972 3972 sen.
997 3911 1016 3987 5
1044 3909 1069 3970 l.

356 4025 375 4098 5
404 4020 441 4083 16
475 4026 563 4102 „tum
597 4023 704 4086 mein
727 4021 903 4105 perorando
927 4023 1035 4105 posuit
1058 4023 1164 4105 rogari
1187 4042 1206 4085 a
1230 4026 1343 4085 senatu
1346 4069 1433 4101 .....

313 4135 428 4199 deinde
450 4137 519 4219 ipse
543 4135 583 4199 ad
606 4141 786 4200 extremum
801 4185 807 4198 .
822 4183 828 4197 .
841 4185 867 4199 ..
892 4154 948 4200 vos
969 4135 1123 4218 rogavit.''
1143 4135 1316 4201 Sumamus
1336 4136 1434 4216 igitur

312 4253 436 4332 oportet
466 4255 522 4312 aut
553 4250 612 4313 hoc
636 4269 706 4314 esse
729 4249 847 4313 factum
873 4251 905 4312 in
930 4250 1270 4334 indignatione
1295 4247 1372 4332 (Cic.
1397 4249 1435 4312 de

310 4361 381 4425 Inv.
415 4361 431 4424 Ι
469 4363 542 4441 100)
572 4368 628 4427 aut
658 4365 691 4426 in
723 4364 1115 4448 amplificatione
1139 4361 1291 4448 (adHer.
1315 4361 1430 4443 11473
