3274 5192
727 651 768 712 41

183 837 370 921 haruspices
395 837 508 920 dicere,
533 839 589 921 qui
612 837 704 902 locus
728 837 817 902 solus
841 857 883 902 ex
907 839 1040 922 privatis
1059 837 1137 903 locis
1156 837 1306 903 omnibus

184 953 243 1015 hoc
277 954 448 1037 praecipue
478 953 558 1016 iuris
582 951 685 1035 habet,
709 957 746 1016 ut
770 951 809 1036 ab
833 953 920 1036 ipsiS,
946 953 1001 1036 qui
1026 954 1124 1017 sacris
1147 958 1308 1037 praesunt,

184 1085 273 1131 sacer
296 1087 360 1130 non
385 1086 455 1132 esse
479 1068 641 1132 iudicatus
665 1066 752 1132 sit?'’

228 1179 338 1245 Deleri
364 1181 557 1246 adiectivum
583 1182 669 1265 quod
694 1180 845 1245 obscurat
869 1200 1009 1245 sensum.
1035 1179 1129 1264 (Olim
1151 1183 1214 1246 iam
1236 1182 1308 1246 Ga-

183 1298 415 1374 ratonius,
452 1303 487 1360 ut
521 1315 592 1361 sero
629 1297 715 1378 vidi).
738 1296 922 1360 Absurdam
947 1316 1017 1362 esse
1041 1316 1160 1379 vocem,
1185 1296 1307 1362 observ.
1384 1357 1386 1361 ,

183 1408 329 1473 Wolfius.
354 1447 395 1456 —
423 1407 738 1492 Lahmeyerus
773 1431 801 1495 p.
837 1412 957 1495 44sq.:
998 1410 1113 1492 ,Sacro
1138 1411 1222 1475 valet
1245 1413 1264 1475 i.
1279 1433 1308 1496 q.

181 1526 334 1606 tanquam
371 1542 478 1604 sacro,
514 1543 711 1608 quamquam
746 1525 878 1589 minime
913 1545 994 1608 opus
1029 1530 1078 1589 est
1109 1525 1231 1589 adiecta
1254 1526 1309 1590 illa

182 1637 289 1703 voce”.
312 1637 559 1703 Perversissima
583 1640 660 1703 haec
680 1638 850 1704 verborum
872 1641 1062 1704 traditorum
1077 1640 1219 1705 defensio
1232 1641 1307 1705 sub-

181 1753 296 1816 similis
330 1757 378 1817 est
412 1755 441 1817 ei
475 1755 593 1817 rationi
628 1774 693 1836 qua
727 1775 755 1837 p.
787 1756 831 1816 44
854 1756 940 1818 tueri
963 1760 1099 1819 conatur
1124 1774 1233 1820 vocem
1258 1776 1307 1820 ao

181 1866 212 1948 (ξ
237 1867 306 1945 12);
335 1872 485 1951 „apparet
508 1886 556 1931 ac
579 1867 679 1931 ferme
702 1869 788 1933 idem
811 1867 992 1952 significare
1017 1869 1102 1952 quod
1129 1868 1232 1933 vel.''

227 1979 271 2044 cf.
297 1979 370 2064 (lap.
395 1980 411 2044 Ι
435 2002 465 2066 p.
494 1982 544 2044 14.

225 2094 310 2176 §37
336 2095 416 2159 med.
453 2095 560 2179 ,quod
596 2095 727 2179 quidem
762 2094 955 2159 sacrificium
990 2100 1064 2160 ante
1098 2096 1133 2159 P.
1159 2095 1305 2160 Clodium

182 2228 276 2273 nemo
313 2210 401 2272 omni
435 2211 586 2274 memoria
622 2209 761 2292 violavit,
792 2229 887 2274 nemo
911 2229 1064 2293 umquam
1090 2210 1177 2292 adiit,
1201 2209 1306 2294 [nemo

182 2321 347 2406 neglexit]
371 2341 465 2386 nemo
490 2324 539 2385 vir
563 2324 705 2407 aspicere
728 2343 793 2386 non
817 2321 974 2386 horruit.’'

226 2436 331 2501 Voces
359 2456 472 2518 ,nemo
496 2436 660 2521 neglexit”
685 2456 834 2521 perverse
858 2437 1056 2501 collocantur
1068 2438 1152 2501 inter
1164 2437 1306 2500 adeundi

183 2551 358 2635 aspiciendi
383 2549 488 2615 verba.
512 2551 581 2614 Aut
604 2551 766 2626 delendae,
789 2557 845 2614 aut
868 2551 1072 2615 collocandae
1095 2556 1167 2635 post
1194 2569 1306 2632 „nemo

183 2713 190 2728 .
204 2714 210 2728 .
223 2714 229 2728 .
244 2714 250 2728 .
263 2664 425 2728 violavit”.

225 2778 244 2860 ξ
270 2779 311 2842 39
350 2782 415 2860 ,tu,
450 2797 606 2841 cum....
630 2797 740 2843 servos
764 2780 913 2851 concitas,
937 2798 1011 2843 cum
1037 2798 1125 2844 sacra
1149 2780 1307 2864 ludosque

182 2891 363 2973 conturbas,
398 2911 471 2955 cum
509 2910 642 2955 uxorem
679 2912 886 2976 sororemque
920 2914 985 2958 non
1020 2895 1184 2977 discernis,
1220 2894 1306 2979 [oum

183 3006 268 3088 quod
291 3006 381 3069 ineas
405 3004 512 3086 cubile
535 3004 599 3067 nod
623 3004 743 3089 sentis]
768 3011 838 3070 tum
863 3006 1050 3072 bacoharis'’
1073 3026 1098 3072 e.
1113 3029 1141 3092 q.
1155 3028 1179 3072 s.

225 3118 350 3183 Inclusi
373 3119 626 3184 additamentum
649 3120 822 3184 ridiculum
845 3122 1000 3206 ineptum.

227 3232 247 3314 ξ
271 3235 312 3295 42
340 3231 422 3314 ,Hic
445 3251 531 3315 vere,
555 3233 594 3297 de
618 3253 682 3318 quo
705 3253 764 3317 ego
788 3233 880 3319 [ipse]
904 3241 968 3299 tam
994 3236 1095 3300 multa
1113 3235 1308 3300 nuncdico’'

183 3365 208 3410 e.
223 3367 251 3430 q.
266 3366 289 3410 s.
304 3383 344 3393 -
358 3345 540 3410 Pronomen
562 3366 668 3411 carere
687 3366 795 3430 sensu,
816 3349 897 3412 vidit
916 3348 1160 3413 Markland
1182 3371 1209 3433 p.
1224 3352 1305 3414 335:

186 3459 303 3541 „There
339 3460 415 3524 does
450 3465 506 3524 not
541 3480 658 3545 appear
690 3481 755 3542 any
789 3481 923 3526 manner
955 3462 989 3526 cf
1009 3465 1156 3528 occasion
1181 3463 1230 3527 for
1253 3465 1307 3528 the

183 3572 382 3658 Emphatical
406 3575 494 3638 word
519 3576 561 3659 ip
574 3594 589 3638 s
602 3593 619 3639 e
642 3576 676 3637 in
690 3575 758 3639 that
769 3575 889 3660 place''.
902 3576 1085 3641 Audiamus
1098 3577 1307 3660 defensorem,

182 3685 438 3768 Lahmeyer
472 3708 500 3772 p.
525 3689 584 3751 49:
623 3693 678 3768 „ut
712 3690 774 3752 iam
798 3691 869 3753 iure
892 3691 1018 3753 monuit
1041 3689 1198 3765 Klotzlus,
1220 3692 1306 3755 idem

181 3801 338 3884 significat
362 3801 447 3885 quod
471 3800 589 3883 ubivis,
612 3804 854 3885 oppositionem,
877 3810 909 3866 et
929 3804 988 3867 hoc
1001 3803 1129 3886 quidem
1144 3804 1213 3867 loco
1226 3823 1306 3886 eam,

179 3934 261 3998 quae
283 3917 367 3979 inter
392 3934 456 3998 eos,
481 3917 536 4000 qui
560 3921 630 3980 tum
654 3917 885 4001 rempublicam
905 3917 1138 4001 gubernabant,
1157 3920 1305 4004 interque

181 4029 365 4095 Ciceronem
401 4030 606 4095 intercedat.”
638 4029 727 4107 Quae
750 4031 847 4095 verba
870 4033 1008 4115 explicet
1032 4034 1089 4116 qui
1113 4035 1223 4117 possit,
1247 4053 1305 4118 ego

181 4164 245 4208 non
270 4145 405 4228 expedio
429 4164 488 4208 nec
511 4144 629 4209 talibus
654 4146 693 4209 de
717 4147 874 4210 sententia
898 4146 1045 4229 depellor.

652 4376 843 4386 ¹..——....
