3274 5192
884 596 924 661 16

341 785 450 850 Milon.
474 787 493 868 ξ
520 787 578 850 73:
606 784 706 867 ,Cum
731 805 839 850 sorore
861 805 1013 870 germana
1024 785 1182 852 nefarium
1197 789 1344 869 stuprum
1357 782 1463 849 fecit.”

340 899 440 976 Quasi
485 905 541 964 aut
588 899 725 965 Wolfius
756 920 821 964 non
852 900 1065 965 intellexisset
1094 900 1212 982 locum,
1245 903 1301 964 aut
1335 900 1464 963 notissi-

339 1035 465 1078 morum
489 1016 522 1078 in
547 1013 723 1079 Miloniana
746 1014 916 1079 verborum
940 1015 1055 1079 fuisset
1077 1014 1263 1078 immemor!
1288 1012 1325 1078 ef.
1351 1012 1463 1075 Markl.

340 1148 367 1211 p.
393 1129 466 1192 391.
491 1166 532 1175 -
563 1127 637 1192 Non
661 1130 689 1190 h.
714 1128 732 1192 l.
757 1147 838 1212 opus
861 1135 909 1192 est
932 1128 1154 1213 explicatione,
1178 1127 1234 1192 sed
1257 1127 1336 1190 locis
1359 1126 1463 1210 paral-

337 1243 408 1307 lelis
430 1263 448 1310 e
471 1243 590 1327 quibus
613 1248 771 1327 appareat,
794 1242 940 1307 Latinam
961 1244 1092 1307 omnino
1112 1243 1195 1306 hanc
1207 1260 1277 1306 esso
1289 1239 1460 1305 verborum

340 1359 609 1422 coniunctionem.

384 1494 413 1556 p.
437 1474 480 1536 43
505 1492 551 1556 sq.
577 1472 657 1536 male
681 1472 821 1536 defendit
845 1470 941 1536 verba
968 1471 1060 1553 ,odio
1084 1469 1285 1536 severitatis”
1309 1470 1340 1552 (ξ
1366 1471 1406 1550 5).

381 1607 411 1670 p.
446 1587 487 1650 50
523 1585 619 1651 verba
656 1587 797 1668 ,reditus
830 1585 972 1671 gratiae”
1004 1587 1035 1668 (ξ
1056 1587 1108 1666 52)
1124 1583 1156 1666 ¹),
1179 1605 1236 1669 pro
1261 1582 1381 1667 quibus
1404 1602 1458 1647 ex·

337 1705 578 1784 pectaveramus
605 1700 747 1780 ,reditus
771 1702 803 1763 in
828 1699 995 1784 gratiam”,
1019 1700 1203 1765 doctissime
1223 1719 1295 1763 cum
1318 1697 1459 1763 Savelsio

338 1819 380 1896 (p.
413 1812 547 1876 XXXV
578 1815 638 1897 sq.)
662 1815 707 1878 ita
730 1815 880 1898 explicat,
904 1818 940 1878 ut
965 1812 1126 1899 „gratiae”
1150 1833 1207 1897 pro
1228 1813 1378 1897 genetivo
1403 1813 1459 1895 qui

339 1927 458 1991 dicitur
487 1927 664 1992 subiectivo
695 1929 736 1992 sit
767 1927 966 1993 habendum:
992 1930 1085 2012 quasi
1109 1927 1246 1992 Wolfius
1270 1925 1459 2006 Lahmeyeri

337 2044 428 2123 egeat
449 2042 625 2125 praeceptis
643 2041 977 2125 instructionibusque
999 2043 1033 2104 in
1045 2060 1080 2106 re
1092 2041 1262 2124 velpueris
1275 2039 1458 2104 notissima!

382 2174 410 2237 p.
434 2156 478 2244 44
502 2174 612 2219 vocem
639 2152 764 2236 „virili”
787 2155 818 2236 (ὅ
843 2157 875 2232 8)
890 2154 912 2236 ²)
931 2156 964 2218 in
985 2175 1049 2238 qua
1070 2173 1181 2218 omnes
1195 2154 1278 2216 docti
1293 2153 1458 2216 haeserant

336 2269 536 2352 interpretes
559 2268 735 2352 elegantiae
758 2288 795 2332 ac
817 2269 995 2333 venustatis
1018 2287 1114 2332 causa
1138 2286 1208 2332 esse
1231 2265 1370 2330 additam
1384 2285 1458 2329 oon-

338 2381 440 2445 tendit
463 2384 513 2446 vir
536 2383 691 2447 eruditus.

384 2495 472 2572 Quae
502 2498 654 2582 leguntur
683 2519 712 2581 p.
744 2499 786 2560 45
819 2498 902 2562 infra
925 2498 956 2580 (ξ
980 2497 1044 2578 61),
1067 2501 1285 2580 provenerunt
1308 2514 1325 2560 e
1349 2493 1457 2559 Wolfii

337 2632 365 2695 p.
402 2612 467 2674 389
500 2611 606 2676 verbis
638 2633 656 2676 a
686 2611 882 2695 Lahmeyero
915 2613 997 2676 male
1018 2612 1188 2675 intellectis
1200 2607 1233 2689 3).
1257 2610 1345 2674 Idem
1371 2610 1455 2673 enim

338 2730 475 2809 uterque
498 2726 576 2790 vult.

379 2860 407 2923 p.
431 2839 483 2902 47.
514 2839 718 2905 Incredibilia
742 2842 898 2925 quaedam
922 2840 1052 2906 exhibet
1076 2840 1115 2905 de
1139 2840 1208 2904 loco
1236 2839 1383 2920 ,duobus
1408 2840 1455 2901 in·

334 2953 432 3035 ceptis
456 2952 583 3017 verbis”
608 2955 639 3036 (5
665 2955 695 3035 1)
710 2955 752 3039 4);
778 2960 950 3039 postquam
974 2956 1059 3019 enim
1084 2955 1205 3059 statuit,
1224 2952 1379 3017 Wolfium
1399 2971 1453 3016 ex-

338 3134 481 3142 ——..—-

333 3242 388 3303 „est
414 3237 572 3301 volutatus’';
601 3238 708 3289 Graevio
733 3241 816 3290 iudice
842 3242 868 3291 h.
894 3241 912 3292 l.
938 3241 1095 3306 germanitas
1122 3242 1189 3291 valet
1215 3242 1231 3292 l.
1251 3257 1276 3305 q.
1304 3255 1455 3308 „germanae

333 3326 457 3392 sorores'’‚
482 3333 511 3378 nt
538 3330 768 3396 „matrimonium”
795 3346 985 3397 nonnunquam
1013 3347 1044 3380 :
1071 3347 1144 3395 uxor,
1168 3331 1305 3399 „servitia”
1323 3332 1454 3382 interdum

335 3421 402 3469 valet
420 3420 528 3485 „servi”.
545 3419 577 3470 cl.
594 3422 649 3472 Lis.
665 3421 706 3486 40,
723 3421 739 3471 8
758 3422 960 3489 „Germanitalis
978 3423 1163 3490 memoriam'';
1182 3425 1257 3487 llpul.
1276 3423 1336 3473 Met.
1353 3423 1375 3470 V
1395 3421 1455 3472 c‘ll

334 3511 404 3578 „ipsa
431 3512 528 3562 fallacie
553 3513 732 3578 germanitatis
758 3514 890 3574 inducta'',
916 3516 1005 3580 quales
1031 3515 1078 3565 loci
1101 3515 1248 3566 disertiores
1266 3515 1330 3565 mihi
1349 3515 1452 3579 quidem

333 3603 456 3654 videntur
473 3619 551 3668 quam
568 3610 607 3655 est
624 3606 646 3653 is
662 3620 742 3669 quem
760 3606 850 3655 attulit
868 3605 1052 3672 Lahmeyerus

368 3695 393 3758 l)
412 3696 536 3763 „Reditus
553 3696 580 3746 in
598 3696 725 3760 gratiam’'
742 3698 838 3761 legitur
855 3713 925 3761 prov.
942 3712 1012 3748 cons.
1029 3696 1070 3761 47,
1088 3698 1142 3751 hlil.
1158 3697 1206 3765 883
1223 3699 1254 3747 ad
1273 3698 1326 3749 dtt.
1345 3697 1451 3751 113.-

331 3789 385 3838 lam
410 3788 547 3837 audiamus
572 3787 687 3852 Gesnmi,
713 3804 736 3852 p.
763 3787 812 3838 282
838 3789 1012 3840 defensionem
1038 3790 1099 3847 loci;
1127 3790 1236 3857 „Nonne
1261 3791 1329 3856 apud
1348 3790 1452 3840 liora-

332 3880 427 3929 tium
455 3879 556 3946 „Prisca
581 3880 647 3930 redit
673 3878 796 3931 Venus‘’'l
822 3881 916 3931 Nonne
933 3882 1014 3946 gratia
1032 3882 1075 3931 hio
1091 3888 1130 3932 est
1148 3887 1259 3932 mutuus
1277 3896 1359 3941 amor,
1376 3882 1452 3931 cuius

332 3969 430 4020 reditus
452 3975 534 4034 potest
560 3969 751 4020 intercedere'’⁴l
774 3999 807 4007 —
825 3971 881 4030 Qua
899 3972 947 4021 riri
965 3973 1095 4022 illustriss.
1114 3972 1293 4039 „defensione”
1312 3974 1376 4022 mihi
1394 3973 1452 4037 qui·

331 4061 390 4109 dem
408 4061 517 4111 minime
534 4061 658 4125 probatur
674 4061 721 4112 loci
740 4062 882 4128 integritas.

365 4152 391 4215 h)
413 4153 450 4202 De
466 4168 518 4216 qno
535 4154 589 4204 loco
605 4154 637 4204 cl.
657 4154 757 4218 Markl,
775 4170 799 4219 p.
821 4153 933 4220 33lsq.;
951 4156 1049 4207 Gesner
1065 4155 1115 4206 273
1124 4172 1161 4222 sq.

364 4241 393 4302 3)
413 4243 493 4293 Locus
510 4249 598 4295 autem
616 4244 682 4294 Phil.
701 4244 771 4296 1113
789 4262 868 4311 quem
886 4247 960 4297 affert
977 4249 1129 4314 Lahmeyer,
1147 4249 1246 4298 nullius
1262 4253 1301 4298 est
1318 4249 1401 4312 pretii.

367 4332 395 4398 l)
412 4334 449 4384 De
465 4350 517 4398 quo
535 4336 588 4386 loco
606 4337 655 4387 vid.
675 4337 775 4402 Markl,
792 4354 816 4403 p.
832 4336 896 4399 3325
914 4339 1012 4390 Gesner
1028 4339 1091 4406 2723
1110 4341 1183 4392 Wolf
1196 4339 1254 4391 323.
