3288 5186
885 617 928 682 54

381 801 494 868 Ibid.
521 802 733 888 „promerita”
759 804 867 884 (etiam
891 803 929 868 ad
952 802 1041 879 Quir.
1062 802 1144 887 §8);
1159 822 1284 888 semper
1296 808 1327 868 et
1340 803 1458 888 ubique

337 919 370 980 in
395 917 466 982 aliis
488 918 687 983 orationibus
713 917 875 999 „morita”.
901 917 984 983 Male
1009 936 1119 982 vocem
1141 917 1282 982 defendit
1301 916 1405 982 Klotz.
1422 956 1456 965 -

337 1031 481 1097 Verbum
508 1031 759 1117 „promouendi”
783 1033 921 1096 occurrit
943 1051 1000 1116 pro
1025 1030 1107 1095 Mur.
1128 1032 1187 1112 7ος
1209 1037 1381 1116 antequam
1400 1034 1459 1096 iret

337 1149 370 1210 in
396 1147 469 1212 exil.
494 1148 513 1230 ξ
538 1148 566 1210 6.

379 1260 493 1325 Ibid.
539 1260 718 1343 „orando’';
763 1280 890 1346 semper
924 1261 1002 1324 alias
1038 1261 1123 1325 valet
1156 1262 1219 1344 i.q.
1258 1261 1458 1344 „smeeken''‚

338 1375 573 1458 „verzoeken”;
611 1381 720 1440 nostro
756 1380 881 1440 tantum
917 1375 986 1438 leco
1020 1382 1069 1439 est
1103 1376 1122 1438 i.
1136 1395 1164 1458 q.
1200 1374 1385 1456 „dicendc''.
1419 1413 1457 1422 —

336 1488 493 1554 Graevius
517 1495 548 1554 et
572 1488 767 1554 Garatonius
792 1491 872 1553 coni.
899 1487 1093 1570 „ornando’'„
1118 1489 1199 1552 male
1223 1490 1344 1572 opinor.

382 1604 400 1685 ξ
434 1603 472 1666 ll
509 1593 717 1687 „parentibus
742 1641 782 1650 -
806 1599 987 1668 tutoribus”
1011 1605 1057 1667 ita
1078 1603 1163 1666 inter
1187 1621 1222 1667 se
1246 1609 1459 1687 opponuntur„

337 1719 431 1801 quasi
455 1722 577 1782 tutores
602 1723 709 1782 essent
731 1716 852 1801 aliquid
877 1718 982 1781 maius
1007 1737 1103 1800 quam
1126 1720 1285 1800 parentes.

380 1832 495 1897 ibid.
522 1832 759 1914 „interfectores
783 1831 999 1917 reipublicae’'
1022 1832 1074 1916 (cf.
1098 1832 1117 1913 ξ
1139 1832 1180 1894 18
1204 1831 1379 1912 „occidisse
1391 1851 1456 1896 rem

337 1945 416 2030 p.'');
453 1945 597 2010 eiusdem
633 1945 754 2010 farinae
785 1945 986 2029 metaphorae
1016 1947 1150 2010 vitiosae
1173 1947 1399 2030 vituperantur
1422 1945 1459 2009 ab

337 2061 407 2144 ipsc
433 2057 584 2123 Cicerone
609 2059 647 2124 de
671 2057 757 2123 Orat.
782 2058 831 2122 III
856 2061 896 2121 41
923 2060 942 2141 5
968 2059 1030 2122 163
1044 2079 1113 2143 sqq.

382 2174 420 2238 cf.
447 2193 530 2258 quae
553 2175 704 2238 annotavi
728 2174 767 2237 ad
792 2174 831 2238 de
855 2174 949 2237 domo
973 2175 992 2256 ἕ
1018 2175 1090 2237 124.

383 2290 402 2370 ᾗ
438 2290 456 2351 5
490 2292 526 2353 ut
549 2308 666 2372 corpus
689 2287 814 2352 abesset
838 2307 956 2367 meum„
981 2288 1197 2372 dignitas
1221 2289 1305 2351 iam
1330 2290 1460 2372 inpa-

337 2405 475 2468 triam
510 2403 812 2467 revertisset.
848 2441 885 2448 —
918 2400 1068 2466 Ridicule
1089 2403 1175 2466 inter
1197 2421 1232 2466 se
1255 2406 1460 2486 opponuntur

337 2537 454 2602 cerpus
485 2522 516 2581 et
539 2517 695 2601 dignitas3
721 2520 882 2600 praeterea
906 2521 1014 2580 autom
1038 2515 1168 2580 offendit
1192 2516 1332 2600 dignitas
1356 2535 1460 2580 rever·

231 2691 233 2698 ,
337 2636 409 2696 tens
433 2633 467 2694 in
493 2631 636 2715 patriam.

383 2743 403 2825 ξ
439 2743 457 2805 7
493 2763 550 2827 pro
589 2740 820 2824 „excessisset”
852 2761 980 2806 summo
1011 2743 1082 2806 iure
1114 2741 1250 2806 Wolfius
1275 2742 1457 2827 postulabat

342 2854 584 2938 „discessisset”
607 2856 659 2920 vel
685 2854 886 2938 „cessisset”.

382 2968 494 3033 Ibid.
532 2970 670 3053 „reliqui
703 2969 836 3034 fuorunt
871 2989 953 3053 quos
988 2988 1094 3053 neque
1129 2974 1312 3034 terror....
1345 2990 1363 3033 a
1394 2989 1462 3035 mea

338 3083 440 3147 salute
464 3082 688 3166 depellerent.''
712 3082 828 3148 Nescio
852 3103 892 3147 en
917 3103 981 3147 non
1005 3082 1118 3147 Latina
1139 3084 1216 3147 haec
1237 3085 1278 3147 sit
1290 3083 1460 3148 verborum

338 3199 512 3260 structura.

382 3312 401 3386 ἓ
429 3307 467 3370 10
494 3306 654 3388 „intueri”
678 3308 707 3371 h.
719 3309 739 3371 1.
764 3308 796 3371 id
820 3308 926 3372 valere
946 3308 1074 3373 videtur
1094 3309 1339 3391 qucdnostrurn
1354 3329 1461 3390 „cver-

341 3419 451 3501 zion”;
479 3440 543 3504 quc
567 3439 664 3484 sensu
688 3440 849 3505 nusquam
876 3422 962 3505 quod
987 3422 1137 3506 equidem
1151 3424 1260 3504 sciam,
1274 3424 1461 3507 ingenuino

338 3533 464 3598 obviam
490 3532 651 3598 Cicerone.
676 3534 893 3617 Aliquatenus
917 3538 1095 3620 comparari
1118 3541 1221 3620 potest
1241 3535 1320 3600 Sest.
1345 3538 1358 3598 l
1379 3556 1462 3618 „uno

339 3652 469 3731 aspectu
500 3648 618 3712 intueri
650 3647 803 3731 potestis’'
834 3647 1004 3731 (permulta
1028 3657 1135 3714 autem
1160 3669 1202 3714 ex
1224 3648 1371 3714 Sestiana
1393 3652 1462 3715 imi-

339 3761 436 3825 tando
472 3763 670 3845 expressisse
692 3768 849 3843 nestrum,
871 3762 955 3825 infra
979 3763 1144 3846 apparebit
1166 3767 1185 3842 ἓ
1210 3765 1228 3826 5
1253 3764 1351 3828 huius
1374 3763 1463 3848 cap).

338 3874 436 3940 Recte
460 3875 631 3940 adhibetur
653 3875 787 3940 verbum
812 3876 850 3940 de
875 3876 969 3940 domo
992 3880 1011 3955 5
1037 3877 1109 3940 101.

383 3992 402 4067 5
439 3989 477 4051 17
517 3989 687 4073 „idemque
721 3995 756 4054 tu
792 3989 961 4054 clementia
996 4010 1032 4054 ac
1056 3991 1276 4055 misericordia
1299 3992 1464 4076 singulari,

340 4123 414 4167 cum
445 4122 504 4187 ego
538 4124 603 4167 una
625 4123 699 4168 cum
723 4123 809 4188 rep.
833 4125 898 4168 nen
922 4104 1104 4188 tribunicio,
1129 4106 1185 4170 sed
1208 4107 1373 4170 consulari
1398 4109 1463 4170 ictu

338 4218 558 4301 concidissem,
592 4224 680 4282 tauto
711 4220 829 4284 scelere
860 4225 1012 4303 tantaque
1036 4222 1282 4304 intemperantia
1307 4221 1406 4303 fuisti„
1430 4226 1464 4284 ut

336 4349 377 4395 ne
418 4350 514 4394 unam
551 4331 679 4416 quidem
714 4333 824 4398 horam
860 4335 1013 4399 interesse
1048 4335 1200 4419 patereris
1234 4336 1319 4400 inter
1355 4353 1458 4400 meam
