3288 5186
729 644 780 733 vv

180 829 335 912 aequitas,
358 830 456 913 logos,
480 828 621 912 libertas,
640 830 752 913 pudor,
770 831 926 914 pudicitia
938 833 971 894 in
985 833 1113 897 civitate
1127 832 1307 896 manebant.

226 941 244 1024 q
278 945 322 1005 44
355 941 453 1006 Nulla
484 944 568 1008 enim
601 949 706 1027 potest
730 947 881 1027 cuiquam
905 945 988 1010 male
1011 946 1051 1009 de
1074 965 1140 1029 rep.
1165 946 1308 1011 merendi

179 1057 266 1120 iusta
300 1075 370 1121 esse
405 1075 502 1120 causa
536 1083 584 1096 w
620 1056 702 1120 Phil.
737 1057 769 1120 Η
801 1059 842 1121 53
866 1061 1053 1142 praesertim
1079 1078 1153 1124 oum
1178 1061 1308 1124 omnino

180 1171 271 1235 nulla
305 1190 402 1234 causa
432 1172 517 1235 iusta
541 1171 695 1255 cuiquam
719 1191 790 1236 osse
811 1173 914 1256 possit
937 1177 1048 1236 contra
1075 1192 1141 1237 rem
1166 1194 1197 1257 p.
1221 1194 1310 1237 arma

181 1285 337 1369 capiendi.

225 1399 307 1464 Ibid.
332 1420 350 1462 a
373 1398 523 1482 psalterio
546 1423 597 1438 Μ
620 1398 700 1463 Sest.
729 1400 800 1462 116.

227 1514 244 1596 q
275 1513 318 1576 49
342 1517 411 1576 tum
436 1517 485 1576 est
507 1511 649 1576 illa....
674 1515 828 1577 sica...
852 1513 1136 1597 deprehensa...
1158 1513 1309 1579 obsessus

182 1631 231 1689 est
261 1627 330 1710 ipse
360 1628 445 1691 domi
467 1647 500 1668 *ν
525 1627 606 1691 Sest.
632 1627 674 1690 69
707 1627 809 1690 initur
832 1627 1003 1690 consilium
1029 1626 1068 1691 de
1091 1628 1224 1692 interitu
1249 1626 1307 1690 Cn.

183 1739 343 1823 Pompeii;
381 1762 445 1825 quo
479 1742 633 1826 patefacto
667 1740 817 1824 ferroque
847 1740 1043 1824 deprehenso
1074 1741 1128 1805 ille
1160 1741 1308 1806 inclusus

184 1853 269 1917 domi
295 1856 416 1920 tamdiu
440 1855 512 1938 fuit,
536 1855 691 1938 quamdiu
714 1855 867 1917 inimicus
887 1873 977 1918 meus
990 1855 1025 1916 in
1045 1853 1228 1934 tribunatu3
1241 1854 1310 1919 Pis.

184 1968 243 2048 29;
269 1971 454 2051 praesertim
480 1969 548 2033 Mil.
576 1970 615 2032 18
639 1969 910 2052 comprehensus.
927 2017 934 2030 .
949 2015 980 2030 ..
1005 1969 1079 2032 sica.

227 2082 244 2164 q
280 2083 321 2144 52
358 2087 394 2146 ut
425 2102 459 2147 se
490 2084 750 2167 quisquam...
783 2085 882 2164 putet,
906 2081 943 2143 cf.
968 2081 985 2164 q
1010 2081 1071 2158 503
1097 2081 1158 2160 463
1184 2086 1215 2144 et
1239 2099 1264 2144 a.
1277 2102 1310 2165 g.

184 2195 224 2258 ad
258 2194 346 2259 Fam.
377 2195 404 2259 V
435 2197 486 2279 12,
511 2197 548 2276 73
573 2195 654 2261 Sest.
681 2197 761 2276 1313
786 2196 973 2280 praesertim
997 2193 1107 2258 Vatin.
1132 2196 1174 2258 29
1197 2200 1309 2259 contu·

186 2307 410 2373 meliosissime
444 2311 472 2373 ei
496 2311 589 2374 toties
614 2309 787 2390 maledicis,
812 2309 937 2391 quoties
960 2312 991 2371 te
1010 2285 1062 2370 illi
1087 2307 1215 2372 affinem
1239 2326 1310 2372 esse

185 2422 281 2501 dicis;
314 2425 354 2485 41
382 2422 567 2488 Clarissimo
592 2426 661 2486 viro
685 2422 873 2486 nonnullam
899 2420 1081 2485 laudatione
1104 2426 1159 2484 tua
1181 2421 1309 2485 labecu-

184 2535 245 2599 lam
282 2536 463 2620 adspargis3
496 2539 529 2600 in
556 2537 683 2600 illorum
708 2537 793 2600 onim
819 2554 952 2598 numero
974 2534 1097 2598 mavult
1120 2535 1153 2598 Τ.
1179 2535 1308 2600 Annius
1430 2542 1433 2547 '

185 2669 263 2731 esse,
296 2653 351 2734 qui
383 2672 401 2714 a
425 2657 456 2715 te
480 2653 720 2735 vituperantem
744 2650 808 2713 Pis.
835 2650 874 2711 72
900 2647 989 2724 Quae
1013 2648 1141 2731 quidem
1167 2649 1308 2713 laudatio

186 2765 325 2828 hominis
348 2765 528 2848 turpissimi
553 2766 630 2828 milri
654 2766 714 2848 ipsi
739 2771 805 2828 erat
829 2782 930 2847 paene
953 2764 1065 2846 turpis.

229 2878 246 2961 d
271 2878 311 2940 56
338 2898 420 2961 quos
445 2897 580 2942 munera
604 2884 717 2959 contra
738 2878 824 2961 leges
847 2877 1034 2960 gladiatoria
1057 2883 1214 2959 parantes,
1227 2897 1308 2959 quos

185 2993 385 3075 apertissime
419 2993 591 3076 largientes
626 3012 688 3056 non
722 2993 826 3056 solum
860 2992 956 3054 alieni
980 2991 1036 3055 sed
1060 2992 1155 3055 etlam
1179 2993 1240 3073 sui,
1264 2993 1309 3054 vi-

185 3107 257 3188 cini,
292 3106 436 3188 tribulae,
471 3106 595 3187 urbani,
630 3107 743 3170 rustici
774 3106 984 3189 reppulerunt
1004 3129 1037 3148 w
1062 3105 1170 3171 Vatin.
1203 3107 1246 3169 39
1281 3111 1314 3169 te

186 3222 292 3302 vicini,
323 3225 354 3284 te
383 3220 504 3301 eidnec,
530 3226 562 3284 te
586 3219 719 3284 tribules
742 3221 787 3284 ita
811 3221 957 3303 oderunt,
980 3227 1016 3285 ut
1039 3221 1199 3304 repulsam
1224 3225 1312 3283 tuam

185 3335 381 3418 triumphum
408 3353 504 3398 suum
530 3334 701 3415 duxerint;
728 3333 767 3397 de
790 3353 825 3398 re
844 3334 882 3397 cf.
895 3333 1003 3398 Vatin.
1019 3335 1077 3414 313
1092 3333 1172 3398 Sest.
1190 3335 1252 3396 133
1267 3353 1314 3417 aq.

231 3447 248 3530 q
284 3449 325 3510 58
363 3445 555 3522 ....Quam
590 3466 647 3510 vos
672 3449 793 3530 patriae
817 3454 1074 3511 conservatorem
1102 3466 1172 3512 esse
1196 3448 1314 3529 saepis-

189 3562 268 3623 sime
305 3561 530 3624 iudicaveratis
565 3581 598 3600 Μ
634 3559 698 3623 Pis.
734 3559 771 3638 63
803 3562 845 3622 23
872 3561 952 3624 civis
975 3561 1015 3640 ia,
1038 3578 1133 3642 quem
1160 3560 1211 3622 hio
1235 3559 1312 3622 ordo

187 3675 380 3738 assentiente
402 3673 496 3737 Italia
519 3676 711 3757 cunctisque
734 3671 894 3756 gentibus,
918 3679 1172 3736 conservatorem
1195 3673 1314 3755 patriae

187 3777 398 3867 iudicaverat;
424 3790 466 3851 34
487 3788 589 3851 civem
615 3792 809 3851 servatorem
833 3788 880 3850 rei
903 3806 952 3869 p.;
974 3785 1040 3849 Mil.
1056 3787 1097 3849 73
1111 3786 1198 3848 hunc
1211 3786 1313 3849 civem

187 3906 405 3966 senatus...
438 3901 526 3965 urbis
558 3921 594 3965 ac
619 3902 702 3965 vitae
726 3901 846 3963 civium
872 3903 1126 3963 conservatorem
1152 3899 1313 3963 iudicave-

187 4020 252 4094 rat;
289 4014 327 4077 cf.
362 4013 445 4077 Phil.
481 4013 514 4077 ΙΙ
551 4016 587 4088 2;
625 4016 684 4095 51;
709 4016 742 4077 in
768 4019 880 4077 senatu
904 4013 921 4096 q
946 4014 1005 4094 263
1030 4013 1069 4076 ad
1094 4010 1183 4087 uuir.
1210 4013 1247 4091 5;
1273 4010 1312 4074 de

189 4127 282 4191 domo
309 4129 368 4207 723
394 4129 454 4208 943
482 4129 555 4192 101.
716 4216 777 4300 Μ

230 4354 268 4417 In
312 4354 576 4438 praecedentibus
619 4359 789 4438 postquam
834 4355 1004 4437 praecipua
1046 4354 1232 4418 enumeravi
1276 4371 1313 4416 ao
