3288 5186
755 607 796 670 95

200 797 265 856 tem
296 811 393 876 quam
421 798 489 856 erat
512 813 549 858 aa
573 813 656 877 quae
679 794 812 856 Asconii
836 793 1034 878 sequebatur
1055 799 1193 879 tompus.
1219 797 1330 877 (Asco-

204 907 280 968 nius
302 912 408 970 autem
431 907 558 990 scripsit
582 908 614 970 a⁰
637 907 702 970 fere
728 907 780 987 60)
796 907 828 987 1).

248 1017 289 1081 II.
321 1018 414 1082 Hanc
438 1022 653 1083 coniecturam
680 1023 807 1084 numeri
831 1025 955 1084 tantum
982 1041 1079 1085 causa
1102 1023 1153 1085 hic
1177 1022 1332 1100 exhibeo;

206 1133 287 1195 nihil
321 1134 406 1196 enim
445 1135 475 1196 ei
510 1153 579 1197 esse
612 1132 818 1197 tribuendum
851 1136 981 1217 penitus
1006 1136 1117 1198 sentio.
1142 1134 1201 1198 Est
1225 1141 1331 1199 autem

206 1246 300 1310 haec:
335 1245 588 1310 Declamatorem
622 1247 780 1330 quendam
814 1249 909 1331 primi
933 1267 962 1331 p.
985 1247 1017 1311 O.
1042 1269 1072 1310 n.
1095 1249 1217 1312 saeculi
1240 1248 1332 1311 fami·

205 1360 340 1423 liaritate
360 1360 411 1423 vel
431 1361 667 1424 necessitudine
687 1361 824 1443 quadam
838 1359 1110 1424 artissimefuisse
1122 1362 1331 1425 coniunctum

206 1493 280 1536 eum
305 1474 462 1553 Asconio;
488 1475 704 1540 nannenten
731 1474 770 1537 de
793 1475 953 1537 industria
972 1480 1126 1558 tanquam
1151 1495 1225 1539 vere
1245 1475 1333 1540 Cice-

206 1588 371 1650 ronianam
406 1587 555 1650 laudasse
591 1587 672 1649 hano
707 1586 971 1650 declamationem
1007 1587 1045 1651 de
1077 1587 1143 1651 har.
1176 1607 1268 1672 resp,
1298 1593 1334 1652 ut

209 1719 327 1763 morem
352 1705 476 1783 gereret
497 1701 598 1762 amieo
619 1719 688 1781 suo,
709 1701 766 1782 qui
785 1698 923 1782 perbene
936 1700 1133 1784 intellegeret
1145 1703 1193 1764 sic
1205 1701 1332 1765 demum

207 1815 426 1877 auctoritatem
462 1819 559 1896 atque
590 1812 682 1876 fidem
711 1812 929 1876 lucubrationi
952 1833 1029 1877 suae
1053 1814 1211 1878 accedere.
1235 1813 1333 1878 Frau-

208 1926 356 1991 dulentos
388 1928 487 2011 igitur
515 1926 618 1991 fuisse
641 1932 671 1989 et
696 1926 938 1990 declamatorem
965 1932 996 1990 et
1019 1928 1207 1991 Asconium.
1231 1926 1335 1992 Causa

208 2046 324 2123 autem,
358 2061 416 2105 cur
445 2041 519 2104 huie
550 2043 751 2105 coniecturae
775 2041 856 2104 nihil
880 2039 1029 2121 tribuam,
1053 2046 1102 2105 est
1126 2043 1221 2105 haec:
1248 2042 1334 2126 quod

208 2156 291 2218 inter
321 2155 500 2239 philologos
530 2155 613 2219 valet
637 2161 733 2238 atque
758 2156 845 2239 viget
869 2155 1068 2219 consuetudo
1093 2156 1334 2237 humanissima,

209 2273 244 2331 ut
268 2271 308 2332 iis
332 2269 468 2333 testibus
493 2268 1334 2352 quiinrebuspropriephilologieis

209 2382 349 2465 aliquam
385 2403 451 2446 rem
488 2389 655 2463 testentur,
691 2382 847 2446 infinitam
884 2382 1028 2445 tribuant
1056 2381 1151 2446 fidem
1177 2384 1333 2466 quamdiu

209 2494 298 2558 nulla
327 2497 367 2559 iis
391 2497 510 2560 adsunt
535 2496 703 2560 manifesta
726 2495 946 2578 improborum
971 2496 1091 2558 indicia
1116 2515 1249 2560 morum.
1274 2494 1335 2559 Oui

209 2610 364 2693 principio
389 2609 622 2674 humanissimo
646 2616 736 2693 grato
761 2615 858 2692 atque
881 2609 963 2672 laeto
987 2610 1093 2672 animo
1115 2627 1165 2672 me
1185 2610 1334 2693 adiungo.

252 2722 310 2785 III.
333 2722 452 2787 Nostra
475 2726 576 2787 oratio
600 2725 717 2807 scripta
741 2729 790 2787 est
812 2729 919 2787 ante
940 2722 1218 2804 Asconium‚
1238 2730 1355 2806 quem'

209 2837 315 2919 ipsum
349 2838 384 2900 in
420 2856 557 2902 errorem
593 2837 723 2901 induxit
757 2837 933 2900 Imitatoris
965 2839 1043 2900 mira
1075 2837 1212 2902 eruditio
1238 2843 1335 2921 atque

209 2949 315 3034 ampla
348 2955 528 3034 temporum
563 2949 845 3014 Ciceronianorum
882 2950 1034 3014 doctrina.
1068 2949 1106 3013 Id
1138 2951 1225 3034 quod
1257 2951 1336 3014 mihi

211 3064 337 3127 videtur
360 3069 392 3129 et
415 3064 506 3128 valde
531 3064 694 3148 probabile
718 3072 749 3129 et
772 3066 866 3128 unice
888 3083 1008 3128 verum.
1028 3062 1244 3139 Quamobrem
1266 3040 1350 3128 bre-⁸

210 3179 292 3240 viter
327 3178 386 3241 hac
417 3179 539 3242 ratione
569 3178 839 3261 comprehendere
862 3179 936 3242 licet
960 3180 1151 3242 sententiam
1175 3182 1334 3242 nostram:

256 3289 529 3355 Orationem
562 3292 1152 3376 dehar.resp.confectam
1179 3293 1337 3356 videri

212 3410 318 3488 post
349 3425 516 3469 annum
547 3407 621 3488 30,
653 3413 762 3469 ante
790 3425 955 3469 annum
981 3405 1034 3467 60
1058 3404 1339 3488 postChris·

212 3524 302 3581 tum
338 3524 503 3582 natum.

244 3779 272 3844 l)
299 3779 406 3830 Vivebat
432 3779 558 3830 Asconius
584 3780 660 3829 annis
685 3781 738 3830 tere
763 3776 860 3839 2-87;
889 3779 1034 3829 seeundum
1054 3775 1280 3840 Madvigium
1301 3775 1341 3835 (de

213 3873 268 3922 Asc.
287 3887 312 3936 p.
327 3870 436 3936 lbsqq.)
455 3871 557 3936 scripsit
575 3869 713 3934 a⁰tere67‚
732 3870 973 3935 Kiesslingio
989 3864 1341 3931 Schoellio(p.quq.)

210 3964 337 4014 iudicibus
363 3963 604 4029 quinquagenarius
629 3964 682 4013 fere
701 3963 830 4012 orationes
849 3960 1028 4011 Ciceronianas
1048 3958 1109 4009 liliis
1128 3958 1183 4008 suis
1201 3957 1339 4007 enarravit.

211 4053 461 4103 Commentationum
487 4057 575 4104 autem
601 4054 628 4102 in
656 4053 824 4102 Scaurianam
851 4053 879 4100 a⁰
896 4049 929 4100 56
947 4065 1001 4101 esse
1018 4050 1186 4113 compositam
1207 4052 1341 4111 procerte

212 4149 322 4209 constat,
346 4143 379 4196 ct'.
405 4145 437 4194 K.
454 4144 480 4195 S.
507 4159 530 4208 p.
556 4143 587 4194 X.
604 4173 636 4180 -
656 4144 694 4193 Cl.
724 4142 875 4209 sabana,
901 4141 991 4193 Gesch.
1015 4139 1200 4192 d.rbm.Litt.
1219 4136 1340 4188 1111892

213 4251 238 4300 p.
262 4234 327 4286 429:
357 4236 423 4302 „Der
440 4236 574 4286 erbaltene
591 4235 645 4285 Tell
663 4234 754 4284 warde
771 4248 803 4283 zu
822 4233 890 4284 Rom
908 4234 1035 4284 zwischen
1053 4230 1087 4282 54
1105 4232 1160 4282 und
1178 4230 1219 4296 57,
1236 4231 1291 4281 also
1308 4246 1340 4281 zu

214 4327 317 4393 Antang
334 4328 379 4378 der
397 4327 544 4392 Regierung
562 4326 644 4377 Neres
660 4324 854 4391 pesenaebenff'
