3274 5192
537 1655 701 1729 CAPUT
728 1655 1008 1730 SEOUNDUM.

250 2221 435 2303 Antequam
459 2225 621 2304 transeam
646 2217 686 2282 ad
697 2219 767 2301 ipsa
780 2223 971 2302 argumenta
982 2222 1201 2285 enumeranda
1214 2220 1334 2304 quibus

205 2333 308 2398 fretus
342 2333 380 2398 de
415 2337 599 2400 nostrarum
635 2333 817 2396 orationum
854 2333 1043 2396 auctoritate
1077 2333 1225 2398 dubitare
1262 2336 1336 2417 quis

207 2449 319 2531 possit,
356 2466 458 2510 unum
493 2447 636 2510 inserere
670 2445 766 2510 velim
799 2450 906 2529 caput,
938 2450 976 2510 ut
999 2446 1137 2511 indicem
1161 2453 1258 2530 atque
1282 2448 1335 2512 de-

207 2568 393 2644 monstrem,
415 2562 510 2645 longe
533 2560 628 2623 aliam
653 2578 722 2624 esse
745 2560 860 2624 harum
885 2562 1065 2625 orationum
1089 2562 1334 2647 formamatqne

209 2677 346 2759 speciem
380 2677 414 2738 in
450 2673 682 2738 recentioribus
715 2673 911 2742 editionibus
935 2695 972 2738 ac
995 2675 1094 2740 fuerit
1116 2676 1201 2740 olim.
1225 2675 1333 2752 Quum

208 2791 294 2855 enim
330 2788 453 2853 Wolf
461 2789 496 2851 ii
531 2793 634 2851 aetate
669 2787 813 2851 nondum
848 2789 882 2851 in
914 2789 1019 2853 lucem
1053 2794 1161 2854 essent
1184 2792 1335 2874 protracti

209 2903 334 2968 codices
368 2921 475 2986 neque
508 2901 766 2966 Parisinus
803 2902 889 2965 7794
922 2905 1027 2986 (quem
1064 2908 1173 2968 nostro
1205 2905 1333 2968 tandem

209 3017 337 3082 saeculo
357 3017 501 3081 excussit
524 3015 556 3079 H
568 3036 587 3079 a
600 3016 610 3077 l
624 3017 678 3079 mi
691 3037 713 3080 u
726 3017 752 3099 s)
778 3035 884 3100 neque
897 3016 1136 3082 Gemblacensis
1149 3015 1183 3100 ¹),
1196 3037 1334 3102 quorum

190 3141 344 3215 uterque
379 3130 474 3214 longe
507 3131 548 3194 iis
579 3134 718 3213 praestat
752 3130 917 3195 codicibus
953 3168 994 3178 -
1030 3152 1146 3216 magna
1180 3152 1221 3198 ex
1246 3139 1334 3216 parte

211 3243 461 3328 „deterioribus”
474 3240 497 3324 2)
533 3281 575 3292 -
612 3245 668 3326 qni
706 3244 766 3307 soli
802 3243 989 3308 Marklando
1025 3244 1209 3330 Wolfioque
1243 3251 1334 3309 erant

207 3360 298 3441 noti‚.
316 3376 381 3420 non
412 3362 460 3422 est
487 3357 681 3440 mirandum,
705 3357 778 3421 illos
802 3359 888 3422 viros
912 3358 963 3421 dd.
987 3359 1074 3422 haud
1097 3379 1169 3422 raro
1192 3360 1334 3443 graviter

208 3474 405 3556 vituperasse
441 3490 495 3536 eos
530 3471 616 3535 locos
646 3473 680 3534 in
706 3490 787 3555 quos
813 3509 853 3517 —
879 3490 954 3535 vera
977 3473 1114 3536 lectione
1137 3492 1179 3537 ex
1202 3475 1332 3557 optimis

206 3587 270 3651 illis
294 3591 385 3651 eruta
407 3585 571 3651 codicibus
595 3622 636 3633 -
661 3586 752 3650 nulla
774 3587 837 3649 iam
863 3587 947 3650 iusta
969 3586 1062 3650 cadat
1080 3588 1284 3671 reprehensio
1300 3584 1333 3668 ³).

240 3843 266 3907 1)
285 3844 340 3896 vid.
365 3844 426 3908 Cap.
454 3846 464 3894 Ι
491 3861 515 3909 p.
542 3843 582 3894 20.
610 3846 750 3895 Mediceum
767 3850 845 3909 atque
865 3845 1018 3896 Vaticanum
1038 3847 1163 3909 pessimae
1183 3850 1260 3896 notae
1278 3860 1334 3896 esse

207 3936 313 3998 codices,
331 3940 460 3986 testantur
476 3941 502 3987 et
520 3937 563 3985 alii
580 3942 605 3986 et
623 3953 646 3986 v.
655 3938 679 3987 d.
699 3937 837 3986 Muellerus
855 3937 882 3986 in
900 3938 940 3988 ed.
960 3937 1059 3987 Teubn.
1078 3953 1101 4001 p.
1119 3937 1207 3987 CXIX.

239 4025 266 4089 i)
284 4028 349 4078 Vere
375 4032 465 4077 autem
491 4029 509 4076 ii
535 4028 756 4092 deteriores,
782 4043 834 4077 non
853 4043 883 4078 eo
900 4043 987 4091 sensu,
1006 4043 1058 4092 quo
1076 4029 1178 4092 saepius
1197 4033 1333 4078 contume·
1370 4027 1374 4031 ’

207 4117 267 4167 liose
291 4119 340 4168 hoc
365 4119 470 4168 nomine
497 4120 609 4168 induant
636 4121 730 4169 harum
758 4135 846 4170 rerum
874 4120 971 4169 iudices
990 4120 1067 4182 periti
1084 4135 1127 4170 eos
1144 4121 1222 4170 libros
1241 4136 1334 4169 manu·

206 4209 312 4272 scriptos
338 4209 366 4258 in
383 4209 480 4272 quibus
495 4210 608 4272 optimae
625 4211 796 4260 inveniantur
817 4209 944 4260 lectiones.
963 4209 1020 4268 Qua
1039 4211 1071 4259 de
1090 4225 1117 4259 re
1135 4211 1243 4260 adeatur
1261 4227 1284 4260 v.
1301 4211 1332 4260 cl.

207 4299 342 4363 Hartman,
362 4301 433 4349 nnat.
453 4300 568 4363 Xenoph.
587 4302 598 4349 Ι
617 4316 640 4364 p.
657 4298 765 4350 56-59.

240 4387 267 4453 3)
297 4390 324 4440 V.
341 4391 372 4441 ct.
401 4390 522 4440 Huehner
548 4392 575 4441 in
595 4391 739 4458 „Deutsche
758 4391 935 4442 Rundschau‘’
952 4392 1021 4441 XXV
1040 4391 1105 4458 (apr.
1124 4391 1199 4458 1899)
1218 4408 1243 4457 p.
1268 4392 1329 4443 tta:
