3274 5192
688 1643 852 1718 CAPUT
878 1643 1111 1716 TERTIUM.

377 2185 447 2250 Hoc
481 2187 584 2270 eapite
620 2190 808 2269 argumenta
838 2185 994 2268 quaedam
1020 2204 1093 2249 cum
1117 2184 1291 2249 lectoribus
1313 2204 1453 2248 commu-

332 2299 456 2382 nicabo,
480 2299 599 2384 quibus
623 2300 724 2364 fretus
748 2319 812 2363 non
836 2301 906 2364 sine
930 2301 1014 2363 iusta
1038 2318 1134 2364 causa
1157 2299 1206 2379 (ut
1227 2299 1305 2362 mihi
1326 2299 1453 2382 quidem

332 2415 470 2495 videtur)
495 2413 641 2478 dubitare
664 2415 737 2497 quis
762 2415 863 2497 possit
883 2414 922 2477 de
940 2419 1123 2477 nostrarum
1137 2415 1317 2477 orationum
1333 2413 1455 2495 origine

330 2527 486 2592 Tulliana.
509 2529 693 2611 Antequam
718 2531 824 2591 autem
850 2531 1009 2591 transeam
1034 2527 1073 2590 ad
1093 2527 1180 2591 locos
1200 2527 1375 2591 nonnullos
1387 2545 1454 2610 per·

332 2642 519 2724 censendos,
553 2640 840 2705 commonefactum
875 2639 970 2705 velim
1007 2641 1167 2722 lectorem,
1199 2659 1269 2704 mea
1300 2641 1455 2705 sententia

332 2775 396 2819 non
435 2760 561 2819 tantum
595 2774 666 2820 esse
701 2756 838 2839 pretium
875 2773 986 2819 earum
1015 2745 1338 2838 'argumentationum
1373 2773 1455 2838 qnae

329 2874 500 2932 versentur
521 2869 555 2930 in
579 2868 716 2952 singulis
739 2870 923 2949 enuntiatis,
947 2870 1114 2933 sententiis
1134 2867 1367 2952 vocabulisque
1386 2887 1454 2953 per·

331 2982 507 3046 tractandis
531 2988 689 3066 quantum
713 2983 810 3066 vulgo
831 2984 1042 3047 existimetur.
1063 2981 1259 3047 Persuasum
1280 2984 1366 3046 enim
1380 2981 1455 3045 milri

332 3101 389 3178 est,
423 3115 590 3179 nunquam
625 3095 744 3161 talibus
775 3096 919 3161 locorum
944 3099 1133 3161 vitiosorum
1157 3095 1454 3160 enumerationibus

333 3210 385 3274 vel
415 3210 664 3274 accuratissimis
690 3210 981 3294 prolixissimisque
1005 3230 1072 3275 rem
1097 3228 1190 3294 posse
1213 3210 1346 3294 provehi
1373 3209 1454 3273 ultra

331 3323 405 3387 illos
428 3325 582 3388 terminos
607 3325 664 3407 qui
687 3325 872 3389 contineant
894 3325 927 3387 id
952 3325 1038 3408 quod
1063 3326 1104 3388 sit
1126 3322 1291 3408 probabile
1315 3324 1366 3388 vel
1390 3323 1456 3386 reri

333 3438 447 3519 simile,
469 3456 675 3521 nequaquam
699 3456 774 3502 vero
798 3457 852 3503 eas
876 3439 981 3503 valere
1005 3443 1041 3502 ut
1064 3439 1262 3503 constituant
1274 3439 1456 3523 opinionem
1508 3438 1510 3443 ’

332 3550 457 3615 firmam
482 3553 635 3635 omnique
659 3571 700 3616 ex
724 3559 812 3635 parte
836 3552 1043 3635 exploratam,
1066 3554 1130 3617 nisi
1154 3558 1319 3636 tamquam
1343 3552 1456 3617 funda·

334 3670 477 3729 mentum
501 3667 541 3730 iis
564 3668 759 3731 succreverit
782 3672 879 3750 atque
901 3669 1072 3731 accesserit
1095 3686 1210 3732 sensus
1232 3668 1364 3751 quidam
1378 3670 1456 3732 into

332 3780 397 3843 rior
430 3780 486 3862 qui
521 3786 675 3864 tanquam
711 3799 751 3845 ex
787 3780 898 3846 altiore
922 3787 1078 3865 suggestu
1101 3782 1196 3846 hasce
1221 3781 1376 3846 diiudicet
1398 3801 1454 3846 res.

335 3891 405 3970 Qua
440 3895 473 3956 in
508 3912 543 3958 re
578 3914 634 3977 pro
665 3913 716 3958 me
738 3894 834 3959 faciat
859 3894 955 3960 verba
979 3916 1007 3957 v.
1031 3896 1068 3958 cl.
1093 3894 1317 3959 Hartman
1344 3896 1455 3979 quiin

334 4009 437 4092 capite
475 4008 533 4089 „de
567 4009 718 4092 Agesilao
754 4008 884 4074 libello”
916 4011 1019 4088 (Anal.
1043 4009 1126 4075 Xen.
1150 4011 1167 4074 Ι
1189 4030 1218 4094 p.
1244 4011 1307 4073 247
1323 4012 1403 4094 sqq.)
1427 4014 1455 4073 ct

333 4122 395 4186 alia
419 4121 550 4186 exhibet
573 4142 656 4207 quae
679 4124 741 4187 huc
764 4126 944 4208 pertineant
967 4129 998 4188 et
1022 4125 1115 4189 haec:

381 4235 505 4317 „Semel
540 4238 722 4320 iterumque
752 4239 786 4300 in
810 4237 1085 4322 praecedentibus
1111 4237 1167 4302 ubi
1191 4238 1230 4301 de
1253 4238 1363 4322 aliquo
1388 4238 1453 4300 loco

332 4349 488 4413 iudicium
500 4349 640 4415 ferebam
653 4352 787 4435 eiusque
799 4371 978 4417 sermonem
991 4353 1310 4438 enuntiationemque
1322 4353 1373 4417 vel
1386 4352 1449 4414 lau·
