3288 5186
859 615 900 677 62

359 805 378 882 5
403 804 422 866 3
449 801 557 884 „Nihil
579 803 594 866 f
603 804 672 868 eci
696 805 807 884 iratae,
831 803 908 867 nihil
934 804 1103 887 impotenti
1128 805 1248 886 animo,
1269 804 1350 867 nihil
1377 823 1437 868 non

315 916 372 981 din
395 917 633 982 consideratum
659 917 826 1001 multoque
849 922 923 982 ante
948 916 1158 982 meditaturn’'
1183 915 1251 980 atari
1274 921 1325 981 τοῦ
1342 918 1440 1000 „nihil

318 1031 419 1094 dixi
442 1029 566 1096 iratns’'
590 1050 615 1095 e.
630 1052 659 1115 q.
671 1051 695 1095 s.
718 1031 757 1094 In
781 1030 802 1096 S
817 1051 868 1096 en
882 1050 990 1096 eoae
1008 1032 1068 1095 hoc
1088 1032 1223 1115 quadrat
1236 1030 1437 1095 Latinitatem

317 1144 366 1224 (cf.
400 1143 461 1229 up.
497 1144 538 1208 87
575 1148 593 1224 5
630 1147 694 1227 23),
729 1165 793 1208 non
830 1147 864 1209 in
899 1143 1071 1209 Ciceronis.
1098 1145 1201 1210 Grave
1224 1147 1253 1208 h.
1266 1146 1285 1208 l.
1309 1146 1440 1211 subesse

316 1260 440 1340 vitium,
474 1262 544 1343 post
577 1260 691 1323 lectam
727 1259 856 1323 tandem
888 1257 1080 1341 Lahmeyeri
1103 1280 1132 1343 p.
1156 1261 1198 1323 29
1222 1260 1438 1324 defensionem

317 1373 395 1436 mihi
418 1371 573 1437 elucebat.

360 1485 473 1550 Ibid.
500 1485 584 1568 „Qui
608 1506 667 1570 me,
691 1488 746 1571 qui
770 1507 836 1551 rem
861 1485 1043 1572 publicam”
1068 1506 1136 1571 eq.
1151 1508 1174 1552 s.

361 1601 563 1666 Constructio
588 1602 709 1666 inculta
732 1602 915 1665 admodum.

363 1713 476 1778 lbid.
510 1714 714 1799 „Supplicia”
746 1715 925 1779 adhibitum
951 1714 1184 1799 significatione
1210 1715 1440 1797 „calamitatis”

316 1830 532 1913 suspicionem
558 1835 675 1894 movet.

361 1945 380 2021 5
414 1945 435 2005 4
469 1943 581 2024 „illum
604 1941 790 2008 ambustum
814 1944 1067 2027 religiosissimis
1089 1942 1243 2027 ignibus”
1267 1944 1439 2008 ridiculum

317 2057 452 2121 videtur.
476 2057 512 2120 cf.
537 2055 711 2121 Hoffmann
736 2078 764 2141 p.
793 2059 892 2142 12sq.

360 2173 379 2250 5
404 2172 423 2233 5
451 2169 558 2252 „Nihil
583 2173 668 2235 enim
693 2176 804 2235 contra
829 2190 879 2235 me
901 2171 976 2236 fecit
998 2173 1071 2235 odio
1096 2173 1168 2254 mei,
1192 2172 1248 2236 sed
1268 2169 1441 2237 odiosevcss

315 2285 419 2348 uitatis
444 2287 497 2364 (so.
522 2304 610 2349 meae
620 2284 638 2366 l)
664 2285 736 2348 odio
759 2285 933 2368 dignitatis,
957 2286 1029 2349 odio
1054 2286 1152 2369 reip.”

359 2399 535 2482 Tautopere
563 2399 766 2463 declamatori
791 2400 951 2483 placuisse
974 2400 1104 2464 videtur
1127 2397 1273 2464 ἀντίθετον
1297 2402 1440 2484 ingenio-

316 2513 442 2577 sissimo
476 2513 671 2596 lepidissime
705 2533 723 2576 a
757 2532 791 2577 se
826 2514 1005 2595 inventum,
1032 2520 1157 2578 utnon
1182 2515 1441 2580 animadverterit

315 2648 412 2712 quam
435 2629 542 2691 inanis
566 2629 612 2691 sic
635 2633 719 2691 esset
739 2633 807 2691 orta
831 2630 991 2692 sententia
1016 2648 1177 2713 quamque
1201 2629 1345 2693 ridicula.

359 2747 378 2821 5
414 2743 431 2804 7
470 2743 573 2824 „diem
610 2742 746 2807 dixisset
770 2747 806 2806 ut
829 2742 1055 2824 iecerat'',
1080 2742 1136 2806 ubi
1161 2750 1267 2808 mente
1291 2744 1440 2827 supplen-

315 2857 392 2920 dum
428 2861 475 2920 est
513 2853 695 2937 „minas”!!
726 2854 898 2941 Nusquam
932 2858 1221 2941 praegnantissima
1259 2895 1297 2903 —-
1338 2863 1374 2922 ut
1398 2860 1440 2921 ita

316 2971 420 3033 dicam
444 3005 483 3017 -
510 2970 569 3032 hac
593 2968 826 3053 significatione
849 2972 985 3034 recurrit
1007 2971 1146 3035 iaciendi
1170 2969 1323 3048 verbum;

359 3085 524 3146 iaciuntur
547 3102 641 3146 voces
665 3083 743 3162 (Cat.
768 3083 816 3146 IV
842 3085 911 3165 14>;
935 3083 1020 3149 faces
1044 3085 1094 3164 (de
1119 3084 1212 3147 domo
1236 3088 1255 3163 5
1281 3086 1351 3165 63);

359 3198 475 3260 iacitur
506 3198 646 3280 suspicio
679 3197 792 3278 (Flauo.
817 3198 860 3282 6),
884 3198 1079 3262 contumelia
1102 3197 1203 3277 (Sulla
1228 3198 1293 3282 23),
1319 3200 1437 3262 crimen

315 3308 377 3386 Qu.
401 3309 494 3376 Roso.
525 3313 594 3392 255

359 3445 527 3510 nunquam
553 3445 627 3490 vero
654 3425 797 3506 „iacere”
823 3427 869 3490 sic
892 3426 979 3490 nude
1002 3427 1142 3510 positum
1165 3426 1199 3489 id
1219 3425 1303 3490 valet
1326 3445 1438 3491 -neo

315 3541 445 3603 omnino
482 3540 588 3604 valere
622 3539 653 3602 id
688 3558 782 3622 posse
816 3541 1068 3623 persuassimum
1103 3541 1180 3603 mihi
1213 3545 1262 3610 est
1287 3577 1326 3586 —-
1353 3539 1437 3623 quod

314 3654 463 3721 minari”.

358 3767 471 3852 Neque
494 3768 592 3832 altera
616 3771 755 3850 praestat
776 3767 871 3830 lectio
900 3766 1066 3848 „fecerat'’,
1091 3787 1191 3851 quam
1215 3786 1232 3831 e
1255 3767 1437 3830 coniectura

313 3883 497 3967 nescioquis
519 3884 554 3946 in
578 3886 705 3946 textum
729 3882 861 3945 invexit.

357 4000 375 4075 5
400 3999 420 4060 8
446 3999 561 4078 „etiam
585 4016 645 4060 sua
666 3997 772 4059 contio
797 3997 914 4059 risit
939 3995 1101 4059 hominem
1117 4045 1142 4058 ..
1159 4044 1185 4058 ..
1209 3993 1394 4079 conqueri.”

311 4110 481 4194 Perperam
505 4109 631 4173 ridendi
655 4108 751 4173 verbo
775 4109 837 4172 h.l.
860 4109 1038 4173 adstruitur
1061 4110 1264 4173 accusativus
1286 4110 1343 4192 qui
1363 4108 1437 4171 dioi-

312 4229 364 4288 tur
387 4243 462 4287 cum
484 4223 653 4288 infinitivo.

355 4337 480 4402 Iniuria
514 4341 622 4402 autem
658 4339 690 4400 in
726 4337 962 4422 Mergneti
993 4338 1098 4402 lexico
1123 4343 1277 4422 tanquam
1303 4337 1436 4401 alterum
