3274 5192
742 654 781 714 13

192 839 233 902 eit
268 838 375 902 sobria
409 839 466 902 illa
501 839 600 903 totius
635 857 751 904 causae
775 838 930 919 tractatio,
959 857 1054 921 quam
1080 836 1265 902 adhibuisse
1292 855 1326 901 se

190 954 260 1036 ipse
296 956 430 1016 testetur
464 954 515 1016 vir
550 952 765 1016 doctissimus.
799 953 909 1035 Atque
947 954 1052 1036 primo
1088 952 1218 1035 quidem
1255 951 1325 1015 loeo

191 1065 427 1131 observandum
448 1072 505 1148 est,
527 1085 606 1150 gra
619 1087 639 1128 v
651 1067 662 1129 i
675 1072 687 1130 t
700 1085 745 1130 er
766 1085 899 1130 munere
915 1084 974 1130 suo
986 1065 1134 1149 perfungi
1149 1063 1324 1146 Lahmeye-

192 1200 274 1262 rum‚
308 1200 383 1244 cum
418 1181 665 1263 gravitate
689 1198 763 1244 eum
789 1181 973 1263 vituperare
999 1178 1208 1261 adversarios,
1231 1198 1326 1263 gra·

192 1296 319 1358 viter
343 1294 483 1377 denique
506 1313 590 1357 nova
613 1312 688 1357 eum
711 1293 823 1358 afferre
847 1297 1035 1376 argumenta
1059 1295 1107 1373 (ea
1130 1299 1236 1357 autem
1259 1312 1324 1355 non

192 1426 295 1490 aeque
329 1427 454 1492 semper
488 1408 632 1492 gravia);
657 1407 737 1491 quid
762 1407 873 1471 enim?
897 1407 974 1471 haec
997 1407 1102 1490 ipsius
1126 1411 1202 1470 sunt
1227 1406 1324 1471 verba

195 1525 237 1604 (p.
275 1522 345 1602 19)-:
385 1521 633 1602 „Gravitas
666 1521 845 1605 iudiciique
880 1522 1043 1602 severitas,
1077 1538 1160 1604 quae
1194 1521 1227 1582 in
1260 1522 1326 1584 vita

197 1635 384 1718 quotidiana
419 1654 656 1719 nonnunquam
693 1636 867 1699 remittitur
902 1634 1081 1718 paululum,
1114 1636 1148 1697 in
1185 1633 1325 1699 Scientia
1379 1618 1381 1623 ³

102 1808 107 1813 .
194 1754 279 1814 certe
314 1768 441 1837 semper
476 1750 632 1814 servanda
664 1748 744 1813 est”
775 1748 876 1813 Cuius
899 1754 1006 1813 temen
1030 1750 1134 1832 ipsius
1158 1748 1324 1833 gravitatis

195 1882 271 1928 vere
304 1863 513 1929 Germanicae
543 1884 779 1947 nonnunquam
811 1863 848 1927 fit
870 1865 1039 1927 immemor
1062 1883 1092 1925 u.
1106 1863 1144 1945 d.,
1168 1881 1235 1947 eg.
1260 1861 1324 1945 ubi,

195 1998 311 2061 magna
342 1979 437 2043 credo
460 1982 640 2043 commotus
664 1978 894 2062 indignatione,
917 1978 1077 2042 exclamat
1100 1995 1168 2041 eam
1194 1978 1325 2041 criticae

196 2094 273 2156 artis
316 2095 472 2157 rationem
508 2113 572 2176 qua
608 2098 719 2156 utatur
752 2091 900 2173 Wolfius
938 2090 1046 2172 „ebrio
1080 2092 1188 2174 potius
1224 2111 1320 2174 quarn

197 2205 304 2269 sobrio
343 2209 477 2270 numine
512 2208 580 2290 regi
615 2204 740 2270 videri''
774 2211 814 2289 (p.
847 2207 968 2289 disq),
993 2205 1043 2268 vel
1069 2204 1124 2268 ubi
1148 2207 1182 2267 in
1206 2206 1320 2269 vitium

195 2319 297 2384 fertur
331 2322 481 2404 gravitati
516 2340 556 2384 ex
592 2319 745 2384 diametro
778 2326 814 2383 ut
837 2321 929 2382 aiunt
953 2319 1145 2401 oppositum,
1168 2319 1323 2402 pusillum

197 2434 267 2496 dico
292 2436 436 2498 animum
463 2441 559 2517 atque
583 2433 767 2514 sordidum3
790 2452 827 2497 eo
848 2435 931 2496 enim
945 2421 1105 2496 delabitur
1117 2434 1166 2494 vir
1178 2433 1324 2497 eruditus

198 2552 234 2611 ut
270 2553 308 2631 (p.
346 2549 375 2630 6,
410 2549 448 2628 43
474 2551 526 2631 34,
547 2550 584 2627 53
611 2548 662 2630 37,
689 2549 722 2626 l;
748 2548 801 2628 49,
829 2548 857 2627 1)
882 2547 1011 2630 singula
1035 2552 1203 2610 enumeret
1227 2553 1324 2630 atque

196 2666 360 2745 computet
394 2681 517 2727 errores
551 2662 602 2726 vel
634 2663 711 2724 vitia
734 2680 817 2744 quae
841 2663 874 2723 in
898 2659 1016 2741 worm,
1041 2659 1160 2742 Beckii,
1179 2659 1323 2724 Schiitzii

196 2775 368 2841 Latinitate
390 2775 516 2840 obviarn
542 2776 603 2840 sibi
627 2781 735 2840 essent
757 2774 887 2858 factal).

241 2891 284 2954 nt
307 2893 453 2974 graviora
478 2891 637 2962 habemus
657 2909 739 2974 quae
762 2889 931 2953 afferamus
951 2893 1061 2952 contra
1080 2891 1185 2952 virum
1197 2889 1320 2973 gravis·

197 3005 316 3068 simum
329 3003 361 3084 ²).
385 3005 494 3068 Primo
517 3007 617 3090 igitur
639 3006 709 3068 loeo
734 3003 917 3087 exemplum
942 3001 1096 3066 exhibere
1108 3003 1204 3067 velim
1217 3002 1323 3067 sobrie

197 3122 322 3185 critices
344 3120 535 3185 factitandae
558 3121 691 3184 rationis
713 3119 1002 3198 Lahmeyerianae3
1027 3119 1144 3200 pagina
1169 3118 1254 3180 enim
1281 3119 1323 3180 34

197 3236 264 3318 agit
286 3235 325 3298 de
348 3234 418 3298 loco
441 3234 480 3298 de
503 3234 568 3297 har.
592 3252 674 3317 resp.
698 3233 717 3314 ᾗ
742 3234 784 3294 22
809 3230 864 3296 ubi
887 3233 921 3293 in
946 3229 1110 3294 codicibus
1123 3231 1320 3294 coniunctim

197 3347 353 3431 leguntur
363 3349 423 3412 tria
436 3347 532 3412 verba
543 3353 641 3431 atque
651 3346 808 3409 formulae
827 3346 893 3426 (ni,
917 3344 1003 3407 hau
1017 3343 1036 3407 d
1060 3363 1075 3408 a
1088 3363 1105 3407 c
1118 3345 1129 3407 i
1141 3363 1160 3407 o
1181 3365 1231 3407 an
1254 3345 1324 3408 sine

200 3459 317 3542 „non’',
339 3481 358 3523 a
370 3479 387 3525 e
400 3461 419 3523 d
432 3462 442 3523 i
455 3461 464 3523 1
478 3461 490 3524 i
514 3479 570 3544 pro
594 3480 612 3523 a
625 3479 642 3524 e
655 3461 674 3523 d
686 3461 697 3522 i
710 3435 720 3523 1
733 3465 769 3542 a),
793 3477 884 3543 quae,
908 3464 944 3522 ut
967 3477 1099 3541 prorsus
1119 3457 1291 3523 abhorrent
1305 3479 1324 3521 a

199 3572 361 3638 Ciceronis
384 3575 537 3657 loquendi
562 3594 624 3638 usu
638 3575 661 3654 ³)
684 3572 730 3638 ita
755 3574 919 3637 levissima
940 3572 1078 3656 quadam
1101 3574 1325 3637 immutatione

203 3741 347 3750 ———

232 3846 258 3908 1)
276 3847 424 3898 Subsimilin
441 3848 590 3898 invenimus
607 3849 674 3912 apud
693 3847 847 3914 Bacchium,
865 3862 889 3910 p.
906 3845 947 3896 49.

235 3939 259 4002 1)
278 3940 328 4000 Qui
355 3955 448 4005 magno
473 3956 575 4005 semper
600 3945 626 3990 et
651 3941 748 4004 ubique
773 3954 834 3989 eum
860 3943 1010 4002 contemptu
1037 3938 1153 4001 tuquitnr
1178 3938 1209 3988 de
1234 3938 1324 3991 Wolfii

202 4032 324 4099 „altiore”
343 4049 409 4098 quae
428 4039 532 4084 vocatur
549 4034 612 4084 artis
629 4034 733 4084 criticae
750 4032 906 4082 exercendae
924 4031 1031 4081 ratione.

234 4124 259 4188 3)
277 4127 439 4177 decoratione
461 4127 577 4176 codicum
595 4126 681 4176 studio
698 4131 754 4188 post
772 4123 925 4188 Lahmeyori
942 4123 1048 4172 demum
1066 4123 1187 4172 instituto
1205 4127 1327 4182 aetatem,

199 4220 327 4283 apparuit,
353 4219 561 4269 coniunctionem
589 4218 624 4266 ni
650 4232 703 4266 non
728 4221 797 4266 recte
820 4215 881 4264 otim
902 4229 917 4263 a
935 4213 1064 4263 Ciceronis
1080 4213 1253 4263 abiudicatam
1271 4227 1326 4262 esse

199 4309 319 4376 dictione,
345 4324 478 4360 occurrere
502 4310 573 4359 enirn
599 4323 658 4358 eam
687 4308 803 4357 voculam
832 4306 904 4356 Verr.
923 4303 1027 4354 111135
1045 4306 1117 4369 (cnm
1135 4304 1200 4354 coni.
1220 4308 1325 4380 praes.);

200 4401 263 4452 ibid.
289 4399 354 4467 1323
380 4399 443 4460 137;
470 4399 533 4465 119;
557 4393 1326 4465 1155;11141ςΡίε.Ί1;Ρ1111.Χ117;Χ11113101111
