3274 5192
856 639 894 699 14

313 824 464 890 facillime
494 827 528 888 in
553 827 691 908 optimae
715 830 808 888 notae
832 823 1034 888 Latinitatem
1059 828 1194 908 possunt
1217 825 1376 902 converti3
1402 827 1434 886 at

311 940 373 1002 viri
396 940 628 1023 religiosissimi
652 941 759 1002 animo
782 938 931 1003 haerebat
955 939 1127 1023 scrupulus
1151 957 1192 1003 ne
1213 939 1246 1001 id
1270 936 1435 1002 adhiberet

311 1053 487 1118 remedium
513 1054 841 1133 (vehementissimum
868 1052 1018 1130 scilicet!)
1039 1052 1124 1135 quod
1138 1053 1313 1135 unicuique
1326 1052 1432 1115 statim

311 1169 449 1230 occurrit
472 1204 513 1215 -
535 1172 565 1231 et
586 1166 671 1250 qnod
685 1185 795 1230 revera
808 1165 1025 1230 adhibuerunt
1036 1166 1172 1230 editores
1185 1165 1377 1230 recentiores
1391 1201 1432 1211 —-

312 1287 348 1345 ut
379 1287 516 1345 mutaret
539 1282 583 1343 ni
608 1283 641 1343 in
665 1281 771 1362 nisi,
794 1286 829 1344 ut
852 1283 1006 1344 insereret
1030 1300 1115 1343 non
1139 1287 1211 1363 post
1236 1279 1342 1361 „haud
1367 1282 1433 1343 scio

310 1393 373 1459 an'’
407 1395 458 1460 vel
494 1394 612 1478 legeret
650 1394 756 1474 „haud
791 1395 857 1457 scio
888 1393 1000 1476 num”,
1023 1401 1059 1458 ut
1084 1394 1222 1477 deniqne
1246 1393 1434 1457 rescriberet

312 1510 411 1574 aedile
423 1513 462 1589 ¹):
498 1509 650 1573 leniorem
686 1509 740 1571 ille
775 1509 971 1591 excogitavit
1005 1507 1176 1572 medelam:
1213 1512 1312 1571 totam
1347 1509 1431 1571 enim

312 1625 520 1687 sententiam:

359 1736 465 1819 „quod
501 1736 533 1798 ni
568 1740 603 1798 tu
639 1734 812 1818 Megalesia
835 1734 890 1797 illo
915 1735 966 1797 die
990 1739 1133 1818 spectare
1156 1735 1322 1816 voluisseS,
1348 1734 1432 1797 haud

312 1852 379 1914 scio
414 1869 454 1912 an
484 1850 596 1912 vivere
619 1848 711 1911 nobis
735 1855 832 1932 atque
856 1849 905 1911 his
929 1849 968 1912 de
991 1848 1089 1914 rebus
1112 1850 1174 1912 iam
1201 1850 1292 1932 queri
1316 1849 1433 1912 liceret.

313 1965 371 2028 Vis
407 1965 492 2028 enim
527 1963 773 2027 innumerabilis
797 1965 928 2026 incitata
950 1982 990 2027 ex
1016 1963 1166 2027 omnibus
1191 1965 1269 2026 vinis
1293 1963 1434 2026 conlecta

311 2099 477 2143 servorum
501 2077 541 2140 ab
566 2078 625 2140 hoc
648 2078 749 2141 aedile
774 2077 922 2160 religioso
945 2083 1075 2161 repente
1098 2097 1115 2141 e
1134 2077 1311 2141 fornicibus
1331 2079 1434 2140 ostiis-

314 2212 377 2276 que
401 2191 551 2256 omnibus
574 2193 607 2254 in
632 2210 761 2255 scenam
786 2193 878 2274 signo
902 2190 975 2254 dato
1000 2193 1144 2255 immissa
1167 2190 1312 2274 inrupit''

356 2312 510 2390 tanquam
545 2307 705 2389 glossema
740 2304 911 2368 delendum
944 2323 1014 2368 esse
1045 2310 1161 2368 censet.
1193 2302 1283 2379 Quae
1314 2304 1433 2367 violen-

313 2423 438 2485 tissima
475 2417 707 2501 „emendandi”
742 2421 822 2482 ratio
857 2425 889 2483 et
919 2438 975 2503 per
1006 2438 1040 2482 se
1064 2424 1203 2502 spectata
1228 2419 1433 2482 vitiosissima

314 2540 362 2598 est
405 2534 573 2618 magisque
608 2534 686 2596 lanii
720 2551 874 2616 personae
908 2534 1103 2596 conveniens
1139 2552 1235 2615 qnam
1271 2534 1433 2616 gravis

313 2648 475 2732 philologi,
498 2653 529 2711 et
552 2653 659 2710 nostro
683 2647 751 2709 loco
775 2652 839 2709 tam
864 2645 958 2729 longe
982 2644 1071 2709 abest
1095 2651 1131 2709 ut
1151 2665 1192 2709 ex
1212 2645 1362 2710 omnibus
1376 2665 1433 2709 nos

313 2763 447 2826 extricet
478 2759 730 2842 difficultatibus,
765 2766 800 2824 nt
834 2780 935 2824 novas
966 2763 1072 2824 statim
1097 2760 1189 2824 nobis
1213 2762 1315 2844 pariat
1340 2761 1433 2824 mole-

313 2877 407 2954 stias3
432 2875 559 2955 etenim,
583 2875 610 2937 si
633 2874 787 2957 legimus:

361 2986 468 3069 „Quos
504 2988 604 3070 igitur
637 2987 822 3071 haruspices
857 2986 951 3051 ludos
987 2989 1095 3051 minus
1131 2988 1301 3071 diligenter
1335 2988 1434 3051 factos

312 3102 517 3186 pollutosque
551 3119 621 3165 esse
655 3101 790 3165 dicunt?
826 3121 889 3184 eos,
924 3122 1062 3185 quorum
1097 3105 1159 3186 ipsi
1183 3104 1216 3166 di
1238 3104 1432 3166 immortales

313 3223 410 3300 atque
433 3217 488 3279 illa
513 3221 614 3280 mater
633 3215 727 3279 Idaea
750 3220 801 3299 te,
825 3223 876 3298 te,
899 3215 966 3280 (ln.
990 3216 1201 3299 Lentule,
1226 3219 1320 3283 cuius
1341 3216 1433 3281 abavi

314 3330 462 3395 manibus
494 3335 577 3394 esset
600 3336 736 3413 accepta,
760 3336 969 3414 spectatorem
993 3351 1063 3396 esse
1087 3333 1198 3396 voluit.
1221 3332 1311 3396 Tua
1334 3338 1434 3412 tum,

312 3451 395 3522 tna,
432 3444 498 3508 On.
533 3443 744 3523 Lentule,
778 3445 888 3508 eadem
923 3445 1027 3507 virtus
1050 3445 1121 3527 fnit,
1146 3464 1228 3528 quae
1251 3447 1285 3508 in
1310 3448 1433 3529 privato

311 3559 474 3643 quondam
499 3563 555 3621 tuo
575 3556 722 3641 proavo,''

311 3830 436 3894 impertl·
463 3829 535 3881 Cnec.
561 3828 606 3893 453
633 3829 698 3879 Sest.
715 3828 760 3896 823
779 3829 828 3879 Pis.
846 3829 892 3893 553
911 3829 999 3879 Scaur.
1018 3829 1063 3893 453
1084 3831 1149 3881 Phil.
1168 3831 1201 3880 lll
1219 3829 1252 3879 ‘2ss
1270 3832 1341 3896 (cnm
1361 3832 1431 3895 plus-

310 3923 521 3986 quamperlecto).

343 4015 369 4078 1)
392 4016 479 4079 Aeque
505 4014 654 4078 religiosum
680 4028 707 4062 se
734 4019 846 4076 praestat
867 4029 889 4063 e.
898 4029 922 4078 g.
940 4030 963 4078 p.
981 4012 1062 4078 3sssq.
1080 4015 1121 4079 (ad
1139 4015 1170 4064 de
1189 4016 1244 4064 har.
1263 4030 1329 4078 resp.
1348 4015 1361 4079 ξ
1379 4013 1432 4078 33),

312 4107 356 4156 ubi
383 4107 508 4155 traditum
535 4106 602 4155 illa
630 4107 656 4155 in
685 4106 774 4172 ista,
800 4120 824 4168 p.
849 4103 881 4154 dl
900 4105 941 4168 (ad
961 4105 973 4168 ἓ
991 4105 1035 4166 ta)
1054 4106 1099 4156 ubi
1116 4121 1154 4156 ac
1172 4107 1198 4155 in
1218 4107 1273 4156 vel
1292 4107 1432 4170 quominus

312 4201 404 4261 mutet,
430 4197 514 4246 obstat
537 4197 618 4246 nimia
637 4197 773 4260 prudentia
790 4210 819 4244 ac
836 4196 1042 4259 circumspectio;
1064 4197 1202 4259 posteriore
1219 4201 1308 4246 alitem
1327 4198 1381 4246 loco
1397 4197 1432 4246 sic

307 4287 442 4336 defendere
467 4287 554 4336 studet
580 4288 697 4337 voculam
725 4286 862 4336 traditam:
890 4292 1010 4349 „apparet
1037 4301 1071 4336 ac
1098 4287 1179 4336 terme
1203 4287 1271 4336 idem
1289 4286 1433 4352 significare

309 4377 377 4440 quod
398 4375 478 4426 vel.’'
497 4377 534 4427 Cf.
552 4391 656 4440 quoqne
676 4377 702 4426 h.
720 4377 736 4425 l.
755 4376 816 4440 Cap.
834 4377 866 4426 ll.
