<?xml version="1.0" encoding="UTF-8"?>
<!DOCTYPE html PUBLIC "-//W3C//DTD XHTML 1.0 Transitional//EN"
    "http://www.w3.org/TR/xhtml1/DTD/xhtml1-transitional.dtd">
<html xmlns="http://www.w3.org/1999/xhtml" xml:lang="en" lang="en">
 <head>
  <title>
</title>
<meta http-equiv="Content-Type" content="text/html;charset=utf-8" />
  <meta name='ocr-system' content='tesseract 3.04.00' />
  <meta name='ocr-capabilities' content='ocr_page ocr_carea ocr_par ocr_line ocrx_word'/>
</head>
<body>
  <div class='ocr_page' id='page_1' title='image "./deorationibusqu00leopgoog_0110.png"; bbox 0 0 3288 5186; ppageno 0'>
   <div class='ocr_carea' id='block_1_1' title="bbox 753 655 796 717">
    <p class='ocr_par' dir='ltr' id='par_1_1' title="bbox 753 655 796 717">
     <span class='ocr_line' id='line_1_1' title="bbox 753 655 796 717; baseline -0.023 0"><span class='ocrx_word' id='word_1_1' title='bbox 753 655 796 717; x_wconf 83' lang='lat'><strong>89</strong></span> 
     </span>
    </p>
   </div>
   <div class='ocr_carea' id='block_1_2' title="bbox 192 838 1337 2854">
    <p class='ocr_par' dir='ltr' id='par_1_2' title="bbox 209 838 1337 1605">
     <span class='ocr_line' id='line_1_2' title="bbox 209 838 1334 924; baseline 0.002 -21"><span class='ocrx_word' id='word_1_2' title='bbox 209 845 293 905; x_wconf 87' lang='lat' dir='ltr'><strong>recte</strong></span> <span class='ocrx_word' id='word_1_3' title='bbox 326 839 543 922; x_wconf 80' lang='lat' dir='ltr'>intellegimus</span> <span class='ocrx_word' id='word_1_4' title='bbox 578 838 732 904; x_wconf 89' lang='lat' dir='ltr'><strong>Macrobii</strong></span> <span class='ocrx_word' id='word_1_5' title='bbox 765 841 882 922; x_wconf 91' lang='lat' dir='ltr'><strong>locum,</strong></span> <span class='ocrx_word' id='word_1_6' title='bbox 917 841 1069 924; x_wconf 91' lang='lat' dir='ltr'><strong>quoniam</strong></span> <span class='ocrx_word' id='word_1_7' title='bbox 1105 841 1233 906; x_wconf 88' lang='lat' dir='ltr'><strong>credere</strong></span> <span class='ocrx_word' id='word_1_8' title='bbox 1269 861 1334 905; x_wconf 90' lang='lat' dir='ltr'><strong>non</strong></span> 
     </span>
     <span class='ocr_line' id='line_1_3' title="bbox 209 952 1337 1038; baseline 0.003 -21"><span class='ocrx_word' id='word_1_9' title='bbox 209 973 392 1038; x_wconf 91' lang='lat' dir='ltr'><strong>possumus,</strong></span> <span class='ocrx_word' id='word_1_10' title='bbox 423 952 591 1016; x_wconf 83' lang='lat' dir='ltr'><strong>Vatinium</strong></span> <span class='ocrx_word' id='word_1_11' title='bbox 624 954 760 1018; x_wconf 91' lang='lat' dir='ltr'><strong>mediam</strong></span> <span class='ocrx_word' id='word_1_12' title='bbox 795 956 1005 1037; x_wconf 76' lang='lat' dir='ltr'><strong>interrupisse</strong></span> <span class='ocrx_word' id='word_1_13' title='bbox 1037 953 1199 1022; x_wconf 79' lang='lat' dir='ltr'><strong>Ciceronis</strong></span> <span class='ocrx_word' id='word_1_14' title='bbox 1223 957 1337 1020; x_wconf 89' lang='lat' dir='ltr'><strong>oratio·</strong></span> 
     </span>
     <span class='ocr_line' id='line_1_4' title="bbox 210 1068 1336 1153; baseline 0.002 -23"><span class='ocrx_word' id='word_1_15' title='bbox 210 1088 283 1132; x_wconf 91' lang='lat' dir='ltr'><strong>nem</strong></span> <span class='ocrx_word' id='word_1_16' title='bbox 317 1073 353 1130; x_wconf 93' lang='lat' dir='ltr'><strong>ut</strong></span> <span class='ocrx_word' id='word_1_17' title='bbox 388 1072 515 1150; x_wconf 84' lang='lat' dir='ltr'><strong>rogaret</strong></span> <span class='ocrx_word' id='word_1_18' title='bbox 550 1068 715 1131; x_wconf 80' lang='lat' dir='ltr'><strong>scurrilem</strong></span> <span class='ocrx_word' id='word_1_19' title='bbox 754 1088 844 1132; x_wconf 90' lang='lat' dir='ltr'><strong>suam</strong></span> <span class='ocrx_word' id='word_1_20' title='bbox 876 1069 1094 1152; x_wconf 91' lang='lat' dir='ltr'><strong>quaestionem</strong></span> <span class='ocrx_word' id='word_1_21' title='bbox 1122 1068 1236 1149; x_wconf 89' lang='lat' dir='ltr'><strong>,Unde</strong></span> <span class='ocrx_word' id='word_1_22' title='bbox 1261 1088 1336 1153; x_wconf 89' lang='lat' dir='ltr'><strong>ergo</strong></span> 
     </span>
     <span class='ocr_line' id='line_1_5' title="bbox 209 1179 1337 1265; baseline 0.001 -22"><span class='ocrx_word' id='word_1_23' title='bbox 209 1180 268 1243; x_wconf 91' lang='lat' dir='ltr'><strong>tibi</strong></span> <span class='ocrx_word' id='word_1_24' title='bbox 303 1179 471 1243; x_wconf 80' lang='lat' dir='ltr'><strong>varices?’&#39;</strong></span> <span class='ocrx_word' id='word_1_25' title='bbox 508 1179 603 1256; x_wconf 81' lang='lat' dir='ltr'><strong>Quali</strong></span> <span class='ocrx_word' id='word_1_26' title='bbox 637 1183 879 1265; x_wconf 82' lang='lat' dir='ltr'><strong>interrogationi</strong></span> <span class='ocrx_word' id='word_1_27' title='bbox 914 1181 1024 1245; x_wconf 92' lang='lat' dir='ltr'><strong>nullus</strong></span> <span class='ocrx_word' id='word_1_28' title='bbox 1060 1187 1107 1245; x_wconf 93' lang='lat' dir='ltr'><strong>est</strong></span> <span class='ocrx_word' id='word_1_29' title='bbox 1142 1182 1244 1264; x_wconf 92' lang='lat' dir='ltr'><strong>locus,</strong></span> <span class='ocrx_word' id='word_1_30' title='bbox 1263 1183 1337 1246; x_wconf 84' lang='lat' dir='ltr'><strong>-nisi</strong></span> 
     </span>
     <span class='ocr_line' id='line_1_6' title="bbox 210 1292 1336 1373; baseline 0.001 -16"><span class='ocrx_word' id='word_1_31' title='bbox 210 1313 386 1373; x_wconf 84' lang='lat' dir='ltr'><strong>sumamus,</strong></span> <span class='ocrx_word' id='word_1_32' title='bbox 428 1292 613 1358; x_wconf 87' lang='lat' dir='ltr'><strong>Ciceronem</strong></span> <span class='ocrx_word' id='word_1_33' title='bbox 656 1297 700 1357; x_wconf 90' lang='lat' dir='ltr'><strong>in</strong></span> <span class='ocrx_word' id='word_1_34' title='bbox 741 1314 953 1358; x_wconf 89' lang='lat' dir='ltr'><strong>sermone</strong></span> <span class='ocrx_word' id='word_1_35' title='bbox 996 1295 1245 1358; x_wconf 89' lang='lat' dir='ltr'><strong>cotidiano</strong></span> <span class='ocrx_word' id='word_1_36' title='bbox 1280 1296 1336 1358; x_wconf 92' lang='lat' dir='ltr'><strong>ali-</strong></span> 
     </span>
     <span class='ocr_line' id='line_1_7' title="bbox 210 1407 1336 1492; baseline 0.002 -22"><span class='ocrx_word' id='word_1_37' title='bbox 210 1408 338 1490; x_wconf 91' lang='lat' dir='ltr'><strong>quando</strong></span> <span class='ocrx_word' id='word_1_38' title='bbox 361 1408 533 1490; x_wconf 87' lang='lat' dir='ltr'><strong>gloriatum</strong></span> <span class='ocrx_word' id='word_1_39' title='bbox 557 1407 667 1488; x_wconf 84' lang='lat' dir='ltr'><strong>fuisse,</strong></span> <span class='ocrx_word' id='word_1_40' title='bbox 693 1409 813 1472; x_wconf 88' lang='lat' dir='ltr'><strong>umeris</strong></span> <span class='ocrx_word' id='word_1_41' title='bbox 838 1427 872 1471; x_wconf 90' lang='lat' dir='ltr'><strong>se</strong></span> <span class='ocrx_word' id='word_1_42' title='bbox 895 1407 995 1471; x_wconf 82' lang='lat' dir='ltr'><strong>fuisse</strong></span> <span class='ocrx_word' id='word_1_43' title='bbox 1020 1415 1214 1492; x_wconf 89' lang='lat' dir='ltr'><strong>reportatum</strong></span> <span class='ocrx_word' id='word_1_44' title='bbox 1236 1409 1336 1472; x_wconf 90' lang='lat' dir='ltr'><strong>totius</strong></span> 
     </span>
     <span class='ocr_line' id='line_1_8' title="bbox 209 1520 1080 1605; baseline 0 -21"><span class='ocrx_word' id='word_1_45' title='bbox 209 1521 319 1585; x_wconf 93' lang='lat' dir='ltr'><strong>Italiae</strong></span> <span class='ocrx_word' id='word_1_46' title='bbox 345 1522 418 1603; x_wconf 73' lang='lat' dir='ltr'><strong>(vel,</strong></span> <span class='ocrx_word' id='word_1_47' title='bbox 444 1526 478 1584; x_wconf 93' lang='lat' dir='ltr'><strong>ut</strong></span> <span class='ocrx_word' id='word_1_48' title='bbox 501 1523 544 1584; x_wconf 92' lang='lat' dir='ltr'><strong>ait</strong></span> <span class='ocrx_word' id='word_1_49' title='bbox 569 1520 761 1604; x_wconf 80' lang='lat' dir='ltr'><strong>Macrobius,</strong></span> <span class='ocrx_word' id='word_1_50' title='bbox 788 1521 1034 1605; x_wconf 84' lang='lat' dir='ltr'><strong>,reipublicae&#39;&#39;)</strong></span> <span class='ocrx_word' id='word_1_51' title='bbox 1050 1521 1080 1601; x_wconf 83' lang='lat'><strong>¹).</strong></span> 
     </span>
    </p>

    <p class='ocr_par' dir='ltr' id='par_1_3' title="bbox 192 1633 1337 2854">
     <span class='ocr_line' id='line_1_9' title="bbox 253 1633 1337 1718; baseline -0.001 -20"><span class='ocrx_word' id='word_1_52' title='bbox 253 1633 341 1698; x_wconf 90' lang='lat' dir='ltr'><strong>Haeo</strong></span> <span class='ocrx_word' id='word_1_53' title='bbox 377 1641 484 1698; x_wconf 90' lang='lat' dir='ltr'><strong>autem</strong></span> <span class='ocrx_word' id='word_1_54' title='bbox 521 1636 706 1699; x_wconf 89' lang='lat' dir='ltr'><strong>coniectura</strong></span> <span class='ocrx_word' id='word_1_55' title='bbox 742 1635 843 1699; x_wconf 92' lang='lat' dir='ltr'><strong>multo</strong></span> <span class='ocrx_word' id='word_1_56' title='bbox 876 1636 954 1698; x_wconf 91' lang='lat' dir='ltr'><strong>mihi</strong></span> <span class='ocrx_word' id='word_1_57' title='bbox 985 1636 1113 1699; x_wconf 90' lang='lat' dir='ltr'><strong>videtur</strong></span> <span class='ocrx_word' id='word_1_58' title='bbox 1143 1634 1337 1718; x_wconf 86' lang='lat' dir='ltr'><strong>probabilior</strong></span> 
     </span>
     <span class='ocr_line' id='line_1_10' title="bbox 210 1748 1335 1833; baseline -0.002 -21"><span class='ocrx_word' id='word_1_59' title='bbox 210 1769 306 1832; x_wconf 92' lang='lat' dir='ltr'><strong>quam</strong></span> <span class='ocrx_word' id='word_1_60' title='bbox 328 1755 375 1812; x_wconf 90' lang='lat' dir='ltr'><strong>est</strong></span> <span class='ocrx_word' id='word_1_61' title='bbox 400 1750 508 1832; x_wconf 93' lang='lat' dir='ltr'><strong>opinio</strong></span> <span class='ocrx_word' id='word_1_62' title='bbox 534 1748 667 1812; x_wconf 85' lang='lat' dir='ltr'><strong>Cesneri</strong></span> <span class='ocrx_word' id='word_1_63' title='bbox 691 1749 892 1832; x_wconf 91' lang='lat' dir='ltr'><strong>aliorumque</strong></span> <span class='ocrx_word' id='word_1_64' title='bbox 917 1750 973 1833; x_wconf 89' lang='lat' dir='ltr'><strong>qui</strong></span> <span class='ocrx_word' id='word_1_65' title='bbox 997 1750 1183 1814; x_wconf 86' lang='lat' dir='ltr'><strong>existimare</strong></span> <span class='ocrx_word' id='word_1_66' title='bbox 1207 1749 1335 1812; x_wconf 89' lang='lat' dir='ltr'><strong>videan-</strong></span> 
     </span>
     <span class='ocr_line' id='line_1_11' title="bbox 209 1862 1334 1927; baseline -0.002 -1"><span class='ocrx_word' id='word_1_67' title='bbox 209 1868 262 1926; x_wconf 91' lang='lat' dir='ltr'><strong>tur</strong></span> <span class='ocrx_word' id='word_1_68' title='bbox 293 1865 326 1925; x_wconf 92' lang='lat' dir='ltr'><strong>in</strong></span> <span class='ocrx_word' id='word_1_69' title='bbox 361 1882 424 1925; x_wconf 90' lang='lat' dir='ltr'><strong>una</strong></span> <span class='ocrx_word' id='word_1_70' title='bbox 453 1863 511 1924; x_wconf 92' lang='lat' dir='ltr'><strong>hac</strong></span> <span class='ocrx_word' id='word_1_71' title='bbox 534 1862 700 1926; x_wconf 89' lang='lat' dir='ltr'><strong>Plutarchi</strong></span> <span class='ocrx_word' id='word_1_72' title='bbox 722 1863 964 1927; x_wconf 89' lang='lat' dir='ltr'><strong>narratiuncula</strong></span> <span class='ocrx_word' id='word_1_73' title='bbox 988 1868 1108 1925; x_wconf 90' lang='lat' dir='ltr'><strong>tantam</strong></span> <span class='ocrx_word' id='word_1_74' title='bbox 1132 1864 1238 1926; x_wconf 90' lang='lat' dir='ltr'><strong>inesse</strong></span> <span class='ocrx_word' id='word_1_75' title='bbox 1261 1882 1334 1925; x_wconf 88' lang='lat' dir='ltr'><strong>auc·</strong></span> 
     </span>
     <span class='ocr_line' id='line_1_12' title="bbox 210 1955 1335 2059; baseline -0.001 -20"><span class='ocrx_word' id='word_1_76' title='bbox 210 1978 368 2039; x_wconf 91' lang='lat' dir='ltr'><strong>toritatem</strong></span> <span class='ocrx_word' id='word_1_77' title='bbox 402 1982 666 2059; x_wconf 92' lang='lat' dir='ltr'><strong>momentumque</strong></span> <span class='ocrx_word' id='word_1_78' title='bbox 696 1981 835 2056; x_wconf 90' lang='lat' dir='ltr'><strong>tantum,</strong></span> <span class='ocrx_word' id='word_1_79' title='bbox 862 1981 899 2039; x_wconf 94' lang='lat' dir='ltr'><strong>ut</strong></span> <span class='ocrx_word' id='word_1_80' title='bbox 929 1995 992 2039; x_wconf 92' lang='lat' dir='ltr'><strong>non</strong></span> <span class='ocrx_word' id='word_1_81' title='bbox 1018 1961 1111 2039; x_wconf 92' lang='lat' dir='ltr'><strong>modo</strong></span> <span class='ocrx_word' id='word_1_82' title='bbox 1132 1974 1226 2039; x_wconf 84' lang='lat' dir='ltr'><strong>facile</strong></span> <span class='ocrx_word' id='word_1_83' title='bbox 1251 1955 1335 2038; x_wconf 84' lang='lat' dir='ltr'><strong>com-</strong></span> 
     </span>
     <span class='ocr_line' id='line_1_13' title="bbox 210 2090 1332 2173; baseline -0.001 -21"><span class='ocrx_word' id='word_1_84' title='bbox 210 2094 321 2172; x_wconf 90' lang='lat' dir='ltr'><strong>penset</strong></span> <span class='ocrx_word' id='word_1_85' title='bbox 354 2090 599 2152; x_wconf 91' lang='lat' dir='ltr'><strong>innumerorum</strong></span> <span class='ocrx_word' id='word_1_86' title='bbox 633 2091 785 2152; x_wconf 92' lang='lat' dir='ltr'><strong>vitiorum</strong></span> <span class='ocrx_word' id='word_1_87' title='bbox 821 2096 917 2173; x_wconf 90' lang='lat' dir='ltr'><strong>atque</strong></span> <span class='ocrx_word' id='word_1_88' title='bbox 952 2090 1144 2171; x_wconf 89' lang='lat' dir='ltr'><strong>ineptiarum</strong></span> <span class='ocrx_word' id='word_1_89' title='bbox 1182 2107 1264 2171; x_wconf 89' lang='lat' dir='ltr'><strong>quae</strong></span> <span class='ocrx_word' id='word_1_90' title='bbox 1299 2090 1332 2151; x_wconf 94' lang='lat' dir='ltr'><strong>in</strong></span> 
     </span>
     <span class='ocr_line' id='line_1_14' title="bbox 210 2187 1335 2287; baseline 0.001 -23"><span class='ocrx_word' id='word_1_91' title='bbox 210 2204 271 2267; x_wconf 90' lang='lat' dir='ltr'><strong>ista</strong></span> <span class='ocrx_word' id='word_1_92' title='bbox 293 2187 444 2287; x_wconf 80' lang='lat' dir='ltr'><strong>legantur</strong></span> <span class='ocrx_word' id='word_1_93' title='bbox 467 2204 609 2268; x_wconf 88' lang='lat' dir='ltr'><strong>oratione</strong></span> <span class='ocrx_word' id='word_1_94' title='bbox 633 2205 825 2286; x_wconf 85' lang='lat' dir='ltr'><strong>congeriem,</strong></span> <span class='ocrx_word' id='word_1_95' title='bbox 849 2203 904 2267; x_wconf 91' lang='lat' dir='ltr'><strong>sed</strong></span> <span class='ocrx_word' id='word_1_96' title='bbox 929 2209 964 2265; x_wconf 92' lang='lat' dir='ltr'><strong>ut</strong></span> <span class='ocrx_word' id='word_1_97' title='bbox 987 2221 1022 2266; x_wconf 93' lang='lat' dir='ltr'><strong>ea</strong></span> <span class='ocrx_word' id='word_1_98' title='bbox 1042 2221 1175 2286; x_wconf 90' lang='lat' dir='ltr'><strong>prorsus</strong></span> <span class='ocrx_word' id='word_1_99' title='bbox 1188 2201 1335 2265; x_wconf 91' lang='lat' dir='ltr'><strong>obliteret</strong></span> 
     </span>
     <span class='ocr_line' id='line_1_15' title="bbox 211 2311 1333 2401; baseline -0.002 -21"><span class='ocrx_word' id='word_1_100' title='bbox 211 2323 307 2401; x_wconf 89' lang='lat' dir='ltr'><strong>atque</strong></span> <span class='ocrx_word' id='word_1_101' title='bbox 331 2317 443 2383; x_wconf 90' lang='lat' dir='ltr'><strong>deleat.</strong></span> <span class='ocrx_word' id='word_1_102' title='bbox 467 2316 552 2380; x_wconf 82' lang='lat' dir='ltr'><strong>Fieri</strong></span> <span class='ocrx_word' id='word_1_103' title='bbox 576 2317 715 2400; x_wconf 90' lang='lat' dir='ltr'><strong>denique</strong></span> <span class='ocrx_word' id='word_1_104' title='bbox 738 2311 917 2400; x_wconf 92' lang='lat' dir='ltr'><strong>potuit,</strong></span> <span class='ocrx_word' id='word_1_105' title='bbox 942 2322 978 2380; x_wconf 95' lang='lat' dir='ltr'><strong>ut</strong></span> <span class='ocrx_word' id='word_1_106' title='bbox 1002 2316 1216 2379; x_wconf 90' lang='lat' dir='ltr'><strong>narrationem</strong></span> <span class='ocrx_word' id='word_1_107' title='bbox 1242 2335 1333 2379; x_wconf 90' lang='lat' dir='ltr'><strong>suam</strong></span> 
     </span>
     <span class='ocr_line' id='line_1_16' title="bbox 209 2431 1333 2514; baseline -0.002 -19"><span class='ocrx_word' id='word_1_108' title='bbox 209 2451 250 2495; x_wconf 86' lang='lat' dir='ltr'><strong>ex</strong></span> <span class='ocrx_word' id='word_1_109' title='bbox 284 2437 391 2495; x_wconf 89' lang='lat' dir='ltr'><strong>nostra</strong></span> <span class='ocrx_word' id='word_1_110' title='bbox 427 2432 657 2495; x_wconf 87' lang='lat' dir='ltr'><strong>declamatione</strong></span> <span class='ocrx_word' id='word_1_111' title='bbox 681 2431 906 2514; x_wconf 80' lang='lat' dir='ltr'><strong>desumpserit</strong></span> <span class='ocrx_word' id='word_1_112' title='bbox 936 2431 1130 2494; x_wconf 90' lang='lat' dir='ltr'><strong>Plutarchus</strong></span> <span class='ocrx_word' id='word_1_113' title='bbox 1163 2468 1205 2476; x_wconf 96' lang='lat'><strong>—</strong></span> <span class='ocrx_word' id='word_1_114' title='bbox 1238 2449 1333 2513; x_wconf 90' lang='lat' dir='ltr'><strong>quem</strong></span> 
     </span>
     <span class='ocr_line' id='line_1_17' title="bbox 192 2543 1335 2628; baseline -0.003 -21"><span class='ocrx_word' id='word_1_115' title='bbox 192 2564 273 2608; x_wconf 79' lang='lat' dir='ltr'><strong>non</strong></span> <span class='ocrx_word' id='word_1_116' title='bbox 298 2545 526 2628; x_wconf 89' lang='lat' dir='ltr'><strong>peritissimum</strong></span> <span class='ocrx_word' id='word_1_117' title='bbox 551 2543 652 2608; x_wconf 84' lang='lat' dir='ltr'><strong>fuisse</strong></span> <span class='ocrx_word' id='word_1_118' title='bbox 675 2545 805 2626; x_wconf 86' lang='lat' dir='ltr'><strong>linguae</strong></span> <span class='ocrx_word' id='word_1_119' title='bbox 829 2543 960 2607; x_wconf 87' lang='lat' dir='ltr'><strong>Latinae</strong></span> <span class='ocrx_word' id='word_1_120' title='bbox 974 2544 1007 2624; x_wconf 75' lang='lat'><strong>²),</strong></span> <span class='ocrx_word' id='word_1_121' title='bbox 1032 2563 1136 2628; x_wconf 92' lang='lat' dir='ltr'><strong>neque</strong></span> <span class='ocrx_word' id='word_1_122' title='bbox 1155 2563 1230 2626; x_wconf 90' lang='lat' dir='ltr'><strong>ergo</strong></span> <span class='ocrx_word' id='word_1_123' title='bbox 1252 2543 1335 2606; x_wconf 90' lang='lat' dir='ltr'><strong>iudi-</strong></span> 
     </span>
     <span class='ocr_line' id='line_1_18' title="bbox 211 2657 1334 2741; baseline 0 -21"><span class='ocrx_word' id='word_1_124' title='bbox 211 2677 278 2721; x_wconf 93' lang='lat' dir='ltr'><strong>cem</strong></span> <span class='ocrx_word' id='word_1_125' title='bbox 303 2658 456 2721; x_wconf 91' lang='lat' dir='ltr'><strong>idoneum</strong></span> <span class='ocrx_word' id='word_1_126' title='bbox 479 2659 512 2719; x_wconf 91' lang='lat' dir='ltr'><strong>in</strong></span> <span class='ocrx_word' id='word_1_127' title='bbox 538 2657 748 2720; x_wconf 92' lang='lat' dir='ltr'><strong>subtilissima</strong></span> <span class='ocrx_word' id='word_1_128' title='bbox 773 2664 883 2720; x_wconf 89' lang='lat' dir='ltr'><strong>nostra</strong></span> <span class='ocrx_word' id='word_1_129' title='bbox 907 2658 1201 2741; x_wconf 90' lang='lat' dir='ltr'><strong>quaestione,inter</strong></span> <span class='ocrx_word' id='word_1_130' title='bbox 1222 2675 1334 2720; x_wconf 92' lang='lat' dir='ltr'><strong>omnes</strong></span> 
     </span>
     <span class='ocr_line' id='line_1_19' title="bbox 211 2770 872 2854; baseline 0.002 -22"><span class='ocrx_word' id='word_1_131' title='bbox 211 2776 334 2834; x_wconf 86' lang='lat' dir='ltr'><strong>constat</strong></span> <span class='ocrx_word' id='word_1_132' title='bbox 355 2770 512 2834; x_wconf 90' lang='lat' dir='ltr'><strong>litteratos</strong></span> <span class='ocrx_word' id='word_1_133' title='bbox 536 2772 593 2854; x_wconf 89' lang='lat' dir='ltr'><strong>qui</strong></span> <span class='ocrx_word' id='word_1_134' title='bbox 616 2771 753 2833; x_wconf 91' lang='lat' dir='ltr'><strong>audiunt</strong></span> <span class='ocrx_word' id='word_1_135' title='bbox 779 2773 872 2833; x_wconf 89' lang='lat' dir='ltr'><strong>viros.</strong></span> 
     </span>
    </p>
   </div>
   <div class='ocr_carea' id='block_1_3' title="bbox 209 2979 1335 3291">
    <p class='ocr_par' dir='ltr' id='par_1_4' title="bbox 209 2979 1335 3291">
     <span class='ocr_line' id='line_1_20' title="bbox 253 2979 1335 3065; baseline -0.001 -22"><span class='ocrx_word' id='word_1_136' title='bbox 253 2979 464 3045; x_wconf 87' lang='lat' dir='ltr'><strong>Transeamus</strong></span> <span class='ocrx_word' id='word_1_137' title='bbox 495 2982 533 3043; x_wconf 91' lang='lat' dir='ltr'><strong>ad</strong></span> <span class='ocrx_word' id='word_1_138' title='bbox 567 2980 807 3044; x_wconf 84' lang='lat' dir='ltr'><strong>Valerium</strong></span> <span class='ocrx_word' id='word_1_139' title='bbox 839 2980 1106 3062; x_wconf 85' lang='lat' dir='ltr'><strong>Maximum,</strong></span> <span class='ocrx_word' id='word_1_140' title='bbox 1138 2981 1203 3065; x_wconf 91' lang='lat' dir='ltr'><strong>qui,</strong></span> <span class='ocrx_word' id='word_1_141' title='bbox 1235 2981 1335 3063; x_wconf 91' lang='lat' dir='ltr'><strong>siqui·</strong></span> 
     </span>
     <span class='ocr_line' id='line_1_21' title="bbox 211 3093 1335 3175; baseline -0.002 -17"><span class='ocrx_word' id='word_1_142' title='bbox 211 3096 280 3158; x_wconf 92' lang='lat' dir='ltr'><strong>dem</strong></span> <span class='ocrx_word' id='word_1_143' title='bbox 317 3095 478 3158; x_wconf 87' lang='lat' dir='ltr'><strong>credimus</strong></span> <span class='ocrx_word' id='word_1_144' title='bbox 514 3096 592 3158; x_wconf 88' lang='lat' dir='ltr'><strong>viris</strong></span> <span class='ocrx_word' id='word_1_145' title='bbox 625 3095 686 3175; x_wconf 85' lang='lat' dir='ltr'><strong>dd,</strong></span> <span class='ocrx_word' id='word_1_146' title='bbox 717 3093 820 3158; x_wconf 89' lang='lat' dir='ltr'><strong>tribus</strong></span> <span class='ocrx_word' id='word_1_147' title='bbox 845 3095 923 3158; x_wconf 91' lang='lat' dir='ltr'><strong>locis</strong></span> <span class='ocrx_word' id='word_1_148' title='bbox 948 3101 1127 3158; x_wconf 89' lang='lat' dir='ltr'><strong>nostrarum</strong></span> <span class='ocrx_word' id='word_1_149' title='bbox 1154 3096 1335 3158; x_wconf 91' lang='lat' dir='ltr'><strong>orationum</strong></span> 
     </span>
     <span class='ocr_line' id='line_1_22' title="bbox 209 3208 1334 3291; baseline 0 -20"><span class='ocrx_word' id='word_1_150' title='bbox 209 3209 317 3272; x_wconf 91' lang='lat' dir='ltr'><strong>laudat</strong></span> <span class='ocrx_word' id='word_1_151' title='bbox 352 3208 448 3273; x_wconf 84' lang='lat' dir='ltr'><strong>verba</strong></span> <span class='ocrx_word' id='word_1_152' title='bbox 483 3209 648 3289; x_wconf 91' lang='lat' dir='ltr'><strong>nonnulla,</strong></span> <span class='ocrx_word' id='word_1_153' title='bbox 678 3211 777 3271; x_wconf 93' lang='lat' dir='ltr'><strong>immo</strong></span> <span class='ocrx_word' id='word_1_154' title='bbox 812 3210 953 3291; x_wconf 87' lang='lat' dir='ltr'><strong>integras</strong></span> <span class='ocrx_word' id='word_1_155' title='bbox 985 3211 1167 3272; x_wconf 89' lang='lat' dir='ltr'><strong>sententias.</strong></span> <span class='ocrx_word' id='word_1_156' title='bbox 1200 3208 1334 3291; x_wconf 89' lang='lat' dir='ltr'><strong>lamque</strong></span> 
     </span>
    </p>
   </div>
   <div class='ocr_carea' id='block_1_4' title="bbox 215 3379 357 3386">
    <p class='ocr_par' dir='ltr' id='par_1_5' title="bbox 215 3379 357 3386">
     <span class='ocr_line' id='line_1_23' title="bbox 215 3379 357 3386; baseline -0.007 0"><span class='ocrx_word' id='word_1_157' title='bbox 215 3379 357 3386; x_wconf 80' lang='lat'><em>-——--..-</em></span> 
     </span>
    </p>
   </div>
   <div class='ocr_carea' id='block_1_5' title="bbox 205 3469 1335 4448">
    <p class='ocr_par' dir='ltr' id='par_1_6' title="bbox 208 3469 1335 3702">
     <span class='ocr_line' id='line_1_24' title="bbox 242 3469 1335 3535; baseline -0.003 -16"><span class='ocrx_word' id='word_1_158' title='bbox 242 3469 269 3535; x_wconf 84' lang='lat' dir='ltr'><strong>l)</strong></span> <span class='ocrx_word' id='word_1_159' title='bbox 289 3471 322 3520; x_wconf 90' lang='lat' dir='ltr'><strong>Ut</strong></span> <span class='ocrx_word' id='word_1_160' title='bbox 347 3475 436 3520; x_wconf 84' lang='lat' dir='ltr'><strong>autern</strong></span> <span class='ocrx_word' id='word_1_161' title='bbox 461 3471 550 3519; x_wconf 87' lang='lat' dir='ltr'><strong>statim</strong></span> <span class='ocrx_word' id='word_1_162' title='bbox 579 3470 730 3535; x_wconf 89' lang='lat' dir='ltr'><strong>videbimus,</strong></span> <span class='ocrx_word' id='word_1_163' title='bbox 754 3470 909 3520; x_wconf 84' lang='lat' dir='ltr'><strong>declamator</strong></span> <span class='ocrx_word' id='word_1_164' title='bbox 934 3474 1021 3518; x_wconf 88' lang='lat' dir='ltr'><strong>noster</strong></span> <span class='ocrx_word' id='word_1_165' title='bbox 1038 3469 1164 3518; x_wconf 89' lang='lat' dir='ltr'><strong>eiusmodi</strong></span> <span class='ocrx_word' id='word_1_166' title='bbox 1181 3469 1265 3518; x_wconf 86' lang='lat' dir='ltr'><strong>fontes</strong></span> <span class='ocrx_word' id='word_1_167' title='bbox 1282 3483 1335 3517; x_wconf 89' lang='lat' dir='ltr'><strong>non</strong></span> 
     </span>
     <span class='ocr_line' id='line_1_25' title="bbox 208 3553 1334 3625; baseline -0.003 -14"><span class='ocrx_word' id='word_1_168' title='bbox 208 3561 371 3625; x_wconf 86' lang='lat' dir='ltr'><strong>contempsit,</strong></span> <span class='ocrx_word' id='word_1_169' title='bbox 397 3561 492 3624; x_wconf 89' lang='lat' dir='ltr'><strong>quippe</strong></span> <span class='ocrx_word' id='word_1_170' title='bbox 519 3561 565 3624; x_wconf 88' lang='lat' dir='ltr'><strong>qui</strong></span> <span class='ocrx_word' id='word_1_171' title='bbox 592 3561 674 3624; x_wconf 89' lang='lat' dir='ltr'><strong>ipsius</strong></span> <span class='ocrx_word' id='word_1_172' title='bbox 701 3560 796 3611; x_wconf 88' lang='lat' dir='ltr'><strong>Valerii</strong></span> <span class='ocrx_word' id='word_1_173' title='bbox 823 3561 909 3611; x_wconf 88' lang='lat' dir='ltr'><strong>locum</strong></span> <span class='ocrx_word' id='word_1_174' title='bbox 935 3560 1065 3624; x_wconf 88' lang='lat' dir='ltr'><strong>quendam</strong></span> <span class='ocrx_word' id='word_1_175' title='bbox 1085 3561 1111 3608; x_wconf 91' lang='lat' dir='ltr'><strong>in</strong></span> <span class='ocrx_word' id='word_1_176' title='bbox 1129 3553 1212 3610; x_wconf 84' lang='lat' dir='ltr'><strong>suum</strong></span> <span class='ocrx_word' id='word_1_177' title='bbox 1227 3574 1334 3608; x_wconf 87' lang='lat' dir='ltr'><strong>conver·</strong></span> 
     </span>
     <span class='ocr_line' id='line_1_26' title="bbox 209 3653 373 3702; baseline -0.006 0"><span class='ocrx_word' id='word_1_178' title='bbox 209 3653 269 3702; x_wconf 85' lang='lat' dir='ltr'><strong>terit</strong></span> <span class='ocrx_word' id='word_1_179' title='bbox 287 3667 373 3702; x_wconf 87' lang='lat' dir='ltr'><strong>usum.</strong></span> 
     </span>
    </p>

    <p class='ocr_par' dir='ltr' id='par_1_7' title="bbox 205 3741 1334 4448">
     <span class='ocr_line' id='line_1_27' title="bbox 241 3741 1334 3808; baseline -0.001 -16"><span class='ocrx_word' id='word_1_180' title='bbox 241 3743 268 3808; x_wconf 76' lang='lat'><strong>2)</strong></span> <span class='ocrx_word' id='word_1_181' title='bbox 295 3743 352 3793; x_wconf 91' lang='lat' dir='ltr'><strong>Vid.</strong></span> <span class='ocrx_word' id='word_1_182' title='bbox 379 3743 448 3793; x_wconf 90' lang='lat' dir='ltr'><strong>Plut.</strong></span> <span class='ocrx_word' id='word_1_183' title='bbox 475 3760 498 3792; x_wconf 82' lang='lat' dir='ltr'><strong>v.</strong></span> <span class='ocrx_word' id='word_1_184' title='bbox 526 3743 658 3794; x_wconf 83' lang='lat' dir='ltr'><strong>Demosth.</strong></span> <span class='ocrx_word' id='word_1_185' title='bbox 685 3758 706 3793; x_wconf 89' lang='lat' dir='ltr'><strong>c.</strong></span> <span class='ocrx_word' id='word_1_186' title='bbox 732 3741 756 3792; x_wconf 74' lang='lat'><strong>2.</strong></span> <span class='ocrx_word' id='word_1_187' title='bbox 784 3773 813 3778; x_wconf 86' lang='lat'>—</span> <span class='ocrx_word' id='word_1_188' title='bbox 840 3744 945 3793; x_wconf 88' lang='lat' dir='ltr'><strong>Errores</strong></span> <span class='ocrx_word' id='word_1_189' title='bbox 963 3743 1103 3792; x_wconf 91' lang='lat' dir='ltr'><strong>nonnullos</strong></span> <span class='ocrx_word' id='word_1_190' title='bbox 1121 3742 1254 3792; x_wconf 80' lang='lat' dir='ltr'><strong>Plutarchi</strong></span> <span class='ocrx_word' id='word_1_191' title='bbox 1273 3741 1334 3806; x_wconf 74' lang='lat' dir='ltr'><strong>(cl.</strong></span> 
     </span>
     <span class='ocr_line' id='line_1_28' title="bbox 209 3832 1333 3899; baseline -0.004 -15"><span class='ocrx_word' id='word_1_192' title='bbox 209 3850 230 3884; x_wconf 90' lang='lat' dir='ltr'><strong>e.</strong></span> <span class='ocrx_word' id='word_1_193' title='bbox 240 3851 264 3899; x_wconf 88' lang='lat' dir='ltr'><strong>g.</strong></span> <span class='ocrx_word' id='word_1_194' title='bbox 282 3851 305 3884; x_wconf 94' lang='lat' dir='ltr'><strong>v.</strong></span> <span class='ocrx_word' id='word_1_195' title='bbox 326 3834 377 3884; x_wconf 89' lang='lat' dir='ltr'><strong>Cic.</strong></span> <span class='ocrx_word' id='word_1_196' title='bbox 394 3849 416 3884; x_wconf 83' lang='lat' dir='ltr'><strong>c.</strong></span> <span class='ocrx_word' id='word_1_197' title='bbox 433 3832 450 3883; x_wconf 85' lang='lat'><strong>3</strong></span> <span class='ocrx_word' id='word_1_198' title='bbox 468 3834 512 3884; x_wconf 95' lang='lat' dir='ltr'><strong>ubi</strong></span> <span class='ocrx_word' id='word_1_199' title='bbox 532 3835 640 3899; x_wconf 86' lang='lat' dir='ltr'><strong>legimus</strong></span> <span class='ocrx_word' id='word_1_200' title='bbox 659 3833 785 3894; x_wconf 68' lang='grc' dir='ltr'>δισχιλίων</span> <span class='ocrx_word' id='word_1_201' title='bbox 804 3839 983 3899; x_wconf 64' lang='grc' dir='ltr'><strong>δραχμῶν,</strong></span> <span class='ocrx_word' id='word_1_202' title='bbox 1001 3834 1070 3896; x_wconf 90' lang='lat' dir='ltr'><strong>quod</strong></span> <span class='ocrx_word' id='word_1_203' title='bbox 1089 3834 1156 3882; x_wconf 88' lang='lat' dir='ltr'><strong>male</strong></span> <span class='ocrx_word' id='word_1_204' title='bbox 1173 3837 1211 3882; x_wconf 88' lang='lat' dir='ltr'><strong>est</strong></span> <span class='ocrx_word' id='word_1_205' title='bbox 1229 3846 1333 3880; x_wconf 85' lang='lat' dir='ltr'><strong>versum</strong></span> 
     </span>
     <span class='ocr_line' id='line_1_29' title="bbox 208 3923 1332 3992; baseline -0.004 -16"><span class='ocrx_word' id='word_1_206' title='bbox 208 3943 238 3977; x_wconf 86' lang='lat' dir='ltr'><strong>ex</strong></span> <span class='ocrx_word' id='word_1_207' title='bbox 256 3941 301 3991; x_wconf 93' lang='lat' dir='ltr'><strong>pro</strong></span> <span class='ocrx_word' id='word_1_208' title='bbox 320 3927 392 3976; x_wconf 80' lang='lat' dir='ltr'><strong>Rosa.</strong></span> <span class='ocrx_word' id='word_1_209' title='bbox 411 3926 468 3976; x_wconf 86' lang='grc' dir='ltr'>Αιιι.</span> <span class='ocrx_word' id='word_1_210' title='bbox 486 3926 499 3990; x_wconf 64' lang='grc' dir='ltr'><strong>ἓ</strong></span> <span class='ocrx_word' id='word_1_211' title='bbox 516 3924 532 3974; x_wconf 83' lang='grc'><strong>6</strong></span> <span class='ocrx_word' id='word_1_212' title='bbox 542 3925 658 3992; x_wconf 77' lang='lat' dir='ltr'><strong>„duobus</strong></span> <span class='ocrx_word' id='word_1_213' title='bbox 668 3927 774 3975; x_wconf 88' lang='lat' dir='ltr'><strong>milibus</strong></span> <span class='ocrx_word' id='word_1_214' title='bbox 790 3941 807 3974; x_wconf 93' lang='grc' dir='ltr'><strong>ιι</strong></span> <span class='ocrx_word' id='word_1_215' title='bbox 819 3942 834 3974; x_wconf 97' lang='grc' dir='ltr'><strong>ιι</strong></span> <span class='ocrx_word' id='word_1_216' title='bbox 846 3940 872 3974; x_wconf 84' lang='grc' dir='ltr'><strong>ιιι</strong></span> <span class='ocrx_word' id='word_1_217' title='bbox 883 3941 908 3974; x_wconf 91' lang='lat' dir='ltr'><strong>m</strong></span> <span class='ocrx_word' id='word_1_218' title='bbox 920 3942 936 3974; x_wconf 94' lang='grc' dir='ltr'><strong>ιι</strong></span> <span class='ocrx_word' id='word_1_219' title='bbox 946 3925 1035 3988; x_wconf 78' lang='grc' dir='ltr'>ιη”,&gt;</span> <span class='ocrx_word' id='word_1_220' title='bbox 1045 3930 1114 3974; x_wconf 84' lang='lat' dir='ltr'><strong>ortos</strong></span> <span class='ocrx_word' id='word_1_221' title='bbox 1124 3940 1154 3973; x_wconf 86' lang='lat' dir='ltr'><strong>er</strong></span> <span class='ocrx_word' id='word_1_222' title='bbox 1165 3924 1271 3973; x_wconf 86' lang='lat' dir='ltr'><strong>Latinae</strong></span> <span class='ocrx_word' id='word_1_223' title='bbox 1281 3923 1332 3972; x_wconf 92' lang='lat' dir='ltr'><strong>lin-</strong></span> 
     </span>
     <span class='ocr_line' id='line_1_30' title="bbox 211 4014 1332 4082; baseline -0.002 -16"><span class='ocrx_word' id='word_1_224' title='bbox 211 4032 275 4082; x_wconf 85' lang='lat' dir='ltr'><strong>guae</strong></span> <span class='ocrx_word' id='word_1_225' title='bbox 293 4019 430 4081; x_wconf 84' lang='lat' dir='ltr'><strong>imperitia,</strong></span> <span class='ocrx_word' id='word_1_226' title='bbox 447 4023 583 4068; x_wconf 85' lang='lat' dir='ltr'><strong>enumerat</strong></span> <span class='ocrx_word' id='word_1_227' title='bbox 605 4033 626 4066; x_wconf 90' lang='lat' dir='ltr'><strong>v.</strong></span> <span class='ocrx_word' id='word_1_228' title='bbox 644 4018 668 4066; x_wconf 94' lang='lat' dir='ltr'><strong>d.</strong></span> <span class='ocrx_word' id='word_1_229' title='bbox 686 4017 816 4067; x_wconf 78' lang='lat' dir='ltr'><strong>Siclrin</strong></span> <span class='ocrx_word' id='word_1_230' title='bbox 827 4032 895 4082; x_wconf 86' lang='lat' dir='ltr'><strong>ger,</strong></span> <span class='ocrx_word' id='word_1_231' title='bbox 913 4017 944 4065; x_wconf 90' lang='lat' dir='ltr'><strong>de</strong></span> <span class='ocrx_word' id='word_1_232' title='bbox 962 4017 1067 4081; x_wconf 84' lang='lat' dir='ltr'><strong>linguae</strong></span> <span class='ocrx_word' id='word_1_233' title='bbox 1086 4016 1181 4064; x_wconf 89' lang='lat' dir='ltr'><strong>latinae</strong></span> <span class='ocrx_word' id='word_1_234' title='bbox 1197 4030 1229 4077; x_wconf 89' lang='lat' dir='ltr'><strong>ap</strong></span> <span class='ocrx_word' id='word_1_235' title='bbox 1239 4014 1332 4064; x_wconf 76' lang='lat' dir='ltr'><strong>Pluto.</strong></span> 
     </span>
     <span class='ocr_line' id='line_1_31' title="bbox 209 4106 1334 4174; baseline -0.004 -16"><span class='ocrx_word' id='word_1_236' title='bbox 209 4110 325 4173; x_wconf 88' lang='lat' dir='ltr'><strong>reliquiis</strong></span> <span class='ocrx_word' id='word_1_237' title='bbox 349 4116 375 4160; x_wconf 88' lang='lat' dir='ltr'><strong>et</strong></span> <span class='ocrx_word' id='word_1_238' title='bbox 401 4110 522 4174; x_wconf 85' lang='lat' dir='ltr'><strong>vestigiis.</strong></span> <span class='ocrx_word' id='word_1_239' title='bbox 550 4109 634 4158; x_wconf 84' lang='lat' dir='ltr'><strong>Freih.</strong></span> <span class='ocrx_word' id='word_1_240' title='bbox 658 4108 732 4158; x_wconf 81' lang='lat'>1883.</span> <span class='ocrx_word' id='word_1_241' title='bbox 755 4137 789 4145; x_wconf 95' lang='lat'>—</span> <span class='ocrx_word' id='word_1_242' title='bbox 807 4109 928 4159; x_wconf 88' lang='lat' dir='ltr'><strong>Conicere</strong></span> <span class='ocrx_word' id='word_1_243' title='bbox 946 4110 1005 4172; x_wconf 90' lang='lat' dir='ltr'><strong>quis</strong></span> <span class='ocrx_word' id='word_1_244' title='bbox 1024 4108 1111 4173; x_wconf 89' lang='lat' dir='ltr'><strong>possit,</strong></span> <span class='ocrx_word' id='word_1_245' title='bbox 1130 4122 1161 4156; x_wconf 82' lang='lat' dir='ltr'><strong>ex</strong></span> <span class='ocrx_word' id='word_1_246' title='bbox 1179 4106 1334 4156; x_wconf 85' lang='lat' dir='ltr'><strong>Tironis</strong></span> 
     </span>
     <span class='ocr_line' id='line_1_32' title="bbox 209 4198 1334 4265; baseline 0.002 -17"><span class='ocrx_word' id='word_1_247' title='bbox 209 4201 259 4250; x_wconf 86' lang='lat' dir='ltr'><strong>vita</strong></span> <span class='ocrx_word' id='word_1_248' title='bbox 275 4201 403 4252; x_wconf 87' lang='lat' dir='ltr'><strong>Ciceronis</strong></span> <span class='ocrx_word' id='word_1_249' title='bbox 421 4202 463 4265; x_wconf 87' lang='lat' dir='ltr'><strong>(cf.</strong></span> <span class='ocrx_word' id='word_1_250' title='bbox 483 4200 642 4259; x_wconf 79' lang='lat' dir='ltr'><strong>Quintil.</strong></span> <span class='ocrx_word' id='word_1_251' title='bbox 662 4201 681 4250; x_wconf 93' lang='grc' dir='ltr'><strong>Ι.</strong></span> <span class='ocrx_word' id='word_1_252' title='bbox 699 4198 730 4250; x_wconf 93' lang='lat'><strong>0.</strong></span> <span class='ocrx_word' id='word_1_253' title='bbox 745 4201 778 4250; x_wconf 94' lang='lat' dir='ltr'><strong>Vl</strong></span> <span class='ocrx_word' id='word_1_254' title='bbox 797 4198 820 4264; x_wconf 87' lang='lat'><strong>3,</strong></span> <span class='ocrx_word' id='word_1_255' title='bbox 839 4199 866 4262; x_wconf 85' lang='lat'><strong>5)</strong></span> <span class='ocrx_word' id='word_1_256' title='bbox 888 4201 955 4250; x_wconf 90' lang='lat' dir='ltr'><strong>hanc</strong></span> <span class='ocrx_word' id='word_1_257' title='bbox 970 4199 1193 4250; x_wconf 84' lang='lat' dir='ltr'><strong>narratiunculam</strong></span> <span class='ocrx_word' id='word_1_258' title='bbox 1210 4199 1334 4261; x_wconf 84' lang='lat' dir='ltr'><strong>desump-</strong></span> 
     </span>
     <span class='ocr_line' id='line_1_33' title="bbox 207 4290 1331 4356; baseline 0.001 -17"><span class='ocrx_word' id='word_1_259' title='bbox 207 4291 268 4341; x_wconf 88' lang='lat' dir='ltr'><strong>sisse</strong></span> <span class='ocrx_word' id='word_1_260' title='bbox 296 4292 473 4355; x_wconf 87' lang='lat' dir='ltr'><strong>Plutarchum,</strong></span> <span class='ocrx_word' id='word_1_261' title='bbox 499 4306 583 4356; x_wconf 88' lang='lat' dir='ltr'><strong>quum</strong></span> <span class='ocrx_word' id='word_1_262' title='bbox 608 4307 639 4340; x_wconf 81' lang='lat' dir='ltr'><strong>ex</strong></span> <span class='ocrx_word' id='word_1_263' title='bbox 660 4292 725 4340; x_wconf 83' lang='lat' dir='ltr'><strong>ritae</strong></span> <span class='ocrx_word' id='word_1_264' title='bbox 743 4291 821 4341; x_wconf 86' lang='lat' dir='ltr'><strong>Cicer.</strong></span> <span class='ocrx_word' id='word_1_265' title='bbox 839 4307 860 4341; x_wconf 89' lang='lat' dir='ltr'><strong>c.</strong></span> <span class='ocrx_word' id='word_1_266' title='bbox 878 4290 909 4340; x_wconf 81' lang='lat' dir='ltr'><strong>tt</strong></span> <span class='ocrx_word' id='word_1_267' title='bbox 930 4297 956 4341; x_wconf 86' lang='lat' dir='ltr'><strong>et</strong></span> <span class='ocrx_word' id='word_1_268' title='bbox 973 4290 1005 4340; x_wconf 72' lang='grc'><strong>49</strong></span> <span class='ocrx_word' id='word_1_269' title='bbox 1024 4297 1153 4356; x_wconf 87' lang='lat' dir='ltr'><strong>appareat,</strong></span> <span class='ocrx_word' id='word_1_270' title='bbox 1173 4296 1234 4340; x_wconf 90' lang='lat' dir='ltr'><strong>nota</strong></span> <span class='ocrx_word' id='word_1_271' title='bbox 1252 4290 1331 4340; x_wconf 89' lang='lat' dir='ltr'><strong>luisse</strong></span> 
     </span>
     <span class='ocr_line' id='line_1_34' title="bbox 205 4382 781 4448; baseline 0 -17"><span class='ocrx_word' id='word_1_272' title='bbox 205 4383 353 4448; x_wconf 88' lang='lat' dir='ltr'><strong>philosopho</strong></span> <span class='ocrx_word' id='word_1_273' title='bbox 370 4382 543 4433; x_wconf 88' lang='lat' dir='ltr'><strong>Chaeronensi</strong></span> <span class='ocrx_word' id='word_1_274' title='bbox 560 4382 661 4432; x_wconf 89' lang='lat' dir='ltr'><strong>Tironis</strong></span> <span class='ocrx_word' id='word_1_275' title='bbox 679 4384 781 4447; x_wconf 86' lang='lat' dir='ltr'><strong>scripta.</strong></span> 
     </span>
    </p>
   </div>
   <div class='ocr_carea' id='block_1_6' title="bbox 0 0 1650 5186">
    <p class='ocr_par' dir='ltr' id='par_1_8' title="bbox 0 0 1650 5186">
     <span class='ocr_line' id='line_1_35' title="bbox 0 0 1650 5186; baseline 0 0"><span class='ocrx_word' id='word_1_276' title='bbox 0 0 1650 5186; x_wconf 95' lang='lat' dir='ltr'><strong> </strong></span> 
     </span>
    </p>
   </div>
  </div>
 </body>
</html>
