3288 5186
850 562 891 624 96

356 746 423 811 iam
459 753 566 813 autem
601 750 686 812 inter
708 767 819 812 omnes
844 750 930 812 viros
954 749 1063 814 doctos
1087 751 1142 833 qui
1168 751 1207 813 de
1230 755 1339 813 nostro
1364 769 1438 832 ege·

313 867 390 924 runt
424 867 623 944 argumento,
657 880 730 924 cum
766 862 849 924 inter
880 881 933 925 ecs
959 865 1149 946 quinarum
1176 866 1356 927 orationum
1382 884 1438 947 pa-

313 975 512 1036 trocinantur
546 975 662 1057 origini
695 972 869 1050 Tullianae,
903 980 971 1037 turn
1010 995 1085 1040 vero
1119 978 1204 1039 inter
1227 976 1438 1058 adversarios

312 1107 369 1170 pro
403 1095 489 1150 certo
524 1093 658 1167 constat,
693 1107 803 1151 omnes
829 1089 922 1151 hasce
946 1091 1104 1153 orationes
1130 1092 1186 1152 uni
1211 1095 1309 1172 atque
1331 1091 1435 1152 eidem

313 1201 421 1265 deberi
456 1204 620 1286 scriptori:
658 1201 704 1264 illi
742 1204 826 1264 eninr
862 1210 1055 1282 asseverant,
1088 1205 1263 1284 universas,
1288 1205 1437 1287 quamvis

314 1316 378 1378 sint
412 1314 485 1377 stilo
520 1316 714 1398 compositae
749 1315 969 1379 sordidissimo
1006 1316 1297 1399 neglegentissimo,
1329 1323 1436 1379 tamen

313 1446 383 1491 esse
406 1429 603 1510 conscriptas
627 1427 666 1489 ab
689 1429 758 1511 ipso
782 1426 935 1492 Cicerone
948 1465 989 1475 —
1004 1429 1188 1491 dormitanti
1201 1430 1324 1492 scilicet
1338 1429 1379 1510 1);
1394 1466 1435 1474 -

313 1542 346 1604 hi
381 1546 490 1604 contra
525 1541 770 1604 declamationes
806 1561 876 1605 esse
900 1543 1099 1605 contendunt
1121 1542 1280 1605 confectas
1305 1541 1344 1604 ab
1371 1562 1437 1605 uno

312 1659 408 1737 atque
438 1656 548 1718 ecdem
582 1655 681 1718 sciolo
706 1675 770 1718 non
795 1657 881 1718 omni
906 1675 947 1718 ex
971 1662 1060 1739 parte
1083 1658 1283 1739 ineptissimo
1298 1657 1328 1732 2).
1355 1655 1437 1719 Cum

313 1776 429 1849 autem,
465 1775 500 1832 nt
535 1789 632 1852 supra
667 1769 886 1832 demonstrare
922 1788 992 1832 sum
1019 1776 1162 1850 conatus,
1187 1769 1279 1833 valde
1303 1772 1344 1833 sit
1368 1773 1440 1834 veri

313 1883 426 1964 simile,
461 1885 634 1946 orationem
671 1883 710 1945 de
744 1883 808 1945 har.
845 1901 925 1965 resp.
961 1901 1031 1946 esse
1065 1884 1277 1966 conscriptam
1303 1902 1367 1945 non
1393 1884 1439 1947 ita

314 1993 452 2060 'multum
478 1991 550 2079 post
573 1997 631 2058 Am
658 1997 708 2074 30,
730 1997 768 2059 de
789 1998 903 2059 ceteris
923 1995 1121 2059 orationibus
1135 1997 1219 2059 haud
1233 1997 1439 2080 inepteidem

313 2111 448 2172 couiciat
473 2111 545 2193 quis
570 2112 691 2192 opinor,
714 2111 899 2192 praesertim
925 2130 1025 2192 quum
1052 2110 1141 2173 nulla
1165 2111 1271 2174 adsint
1294 2111 1441 2173 testimo-

312 2224 366 2285 nia
390 2242 472 2306 quae
496 2243 569 2285 cum
595 2224 653 2285 hac
676 2229 820 2306 pugnent
844 2224 1035 2287 coniectura.

344 2555 372 2614 1)
399 2557 450 2620 lpsi
476 2571 569 2619 nempe
586 2561 629 2607 rac
647 2559 804 2616 γνησιότητας
821 2556 968 2606 defensores
985 2558 1137 2620 concedunt,
1153 2558 1237 2607 multa
1254 2573 1388 2608 occurrere
1407 2559 1437 2608 in

310 2648 406 2699 nostris
422 2647 583 2698 orationibus
599 2662 665 2711 quae
683 2648 739 2697 iure
757 2648 910 2711 reprehendi
929 2649 1034 2713 possint,
1053 2664 1108 2714 eg.
1126 2648 1325 2714 Lahmeyer
1343 2665 1367 2713 p.
1383 2647 1437 2700 64:

312 2754 379 2805 „non
408 2753 454 2788 nos
472 2739 577 2802 quidem
595 2738 618 2787 ei
636 2752 737 2800 sumus,
754 2739 800 2801 qui
819 2744 945 2802 tanquam
964 2740 1104 2802 perfectam
1121 2739 1295 2802 omnibusque
1312 2740 1437 2790 numeris

310 2830 454 2880 absolutam
472 2831 540 2880 hauc
556 2831 699 2879 orationem
716 2831 854 2880 lectoribus
873 2831 1009 2894 propinare
1020 2831 1305 2880 velimus:sedconstat
1316 2833 1436 2896 omnino,

311 2923 339 2972 in
362 2922 522 2972 orationibus
539 2924 628 2972 statim
646 2928 702 2986 post
719 2923 841 2972 exsilium
859 2923 954 2973 habitis
971 2923 1119 2973 Ciceronem
1137 2923 1266 2972 remisisse
1284 2923 1434 2987 paullulum

310 3014 447 3078 pristinam
480 3014 533 3062 vim
560 3013 723 3063 oratoriam.”
748 3042 781 3050 -
807 3015 880 3065 Unde
906 3020 995 3064 autem
1021 3015 1069 3064 hoc
1096 3013 1248 3080 ,constar’t
1273 3014 1319 3062 Er
1336 3015 1436 3078 ipsis

242 3129 244 3133 ’
312 3119 439 3168 nempe
457 3105 474 3153 h
484 3106 492 3154 i
502 3121 514 3155 s
524 3120 560 3154 ce
576 3106 724 3155 oration
734 3106 743 3155 i
752 3106 768 3156 b
777 3122 796 3158 ¹u
806 3106 851 3156 sll
870 3107 1040 3156 vitiosissima
1057 3105 1137 3170 igitur
1154 3107 1241 3155 subest
1245 3106 1345 3172 petitio
1353 3107 1434 3172 prin-

311 3197 378 3262 cipii
404 3211 471 3260 quae
496 3197 598 3246 dicitur.
625 3196 692 3245 Nam
721 3197 775 3260 ipse
800 3197 887 3247 Cicero
904 3199 932 3248 in
949 3198 1063 3260 epistolis
1081 3198 1141 3261 (vid.
1160 3198 1187 3247 h.
1204 3212 1259 3260 cap.
1276 3213 1337 3246 arm.
1353 3196 1434 3262 1-3)

311 3301 416 3352 prorsus
441 3288 601 3338 contrarium
629 3292 749 3338 testatur.
775 3317 808 3324 -
835 3289 1032 3338 Hoffmann
1050 3304 1074 3352 p.
1092 3287 1141 3337 20:
1160 3289 1315 3354 „Maximam
1333 3294 1435 3351 partem

310 3393 402 3429 earum
419 3393 517 3443 rerum,
526 3377 621 3441 quibus
639 3380 647 3427 i
658 3394 674 3427 u
686 3393 722 3427 re
740 3379 829 3428 offensi
841 3384 902 3428 suut
912 3377 1067 3428 adversarii'’
1079 3417 1084 3428 .
1094 3418 1100 3429 .
1111 3417 1117 3428 .
1128 3417 1134 3428 .
1141 3394 1148 3442 ;
1157 3379 1232 3428 hodie
1240 3377 1274 3428 cf.
1283 3377 1300 3427 S
1310 3392 1323 3427 c
1333 3379 1374 3427 ha
1384 3393 1401 3426 n
1411 3394 1434 3442 z,

311 3470 343 3522 G.
357 3470 381 3518 d.
399 3471 463 3519 r'dm.
480 3469 541 3518 Litt.
562 3467 583 3516 ll
604 3484 627 3531 p.
649 3467 764 3534 sslisqq.

343 3560 370 3624 2)
390 3561 447 3611 Non
464 3575 529 3624 opus
545 3561 643 3625 opinor,
662 3568 692 3611 ut
711 3563 801 3611 multis
818 3561 901 3610 allatis
920 3561 982 3612 locis
1000 3576 1168 3612 communem
1185 3562 1253 3611 hanc
1267 3562 1383 3612 virorum
1391 3563 1437 3614 dd.

306 3653 454 3716 opinionem
477 3653 606 3701 stabiliam
624 3658 703 3717 atque
721 3651 893 3714 confirmem3
911 3666 996 3702 unum
1015 3654 1143 3716 proferam
1161 3652 1330 3714 defensorem,
1348 3667 1436 3702 unum

306 3745 497 3807 adversarium,
527 3743 623 3793 Wolf
649 3760 672 3808 p.
692 3744 787 3794 XLIV:
808 3744 989 3809 „Reliquimus
1011 3744 1102 3793 itidem
1120 3745 1190 3793 aliud
1208 3744 1278 3808 quid,
1296 3745 1339 3793 sed
1357 3746 1436 3808 longe

307 3836 415 3899 facilius,
433 3835 580 3898 cuicunque
598 3835 684 3904 libeat,
701 3835 942 3899 demonstrandum,
960 3850 974 3884 a
994 3834 1068 3884 nobis
1086 3849 1161 3898 saepe
1176 3833 1350 3898 significatum
1360 3837 1438 3886 uuila

308 3926 407 3976 ratione
432 3927 536 3990 adiecta,
564 3927 634 3976 haud
660 3927 780 3990 pluribus
807 3941 887 3990 quam
912 3927 958 3976 uui
977 3927 1075 3976 auctori
1094 3927 1157 3976 istas
1176 3932 1288 3989 quatuor
1305 3928 1437 3978 orationes

307 4018 459 4067 tribuendas
475 4032 537 4067 esse.
556 4017 689 4068 Nimirum
709 4019 756 4068 hoc
773 4033 823 4067 non
844 4019 931 4067 minus
950 4023 1053 4068 certum
1071 4018 1200 4067 videbitur
1217 4033 1260 4068 eas
1277 4019 1437 4081 aliquotiens

310 4124 364 4158 uno
388 4115 477 4159 tenore
503 4110 652 4174 perlegenti,
681 4124 761 4174 quam
779 4124 868 4159 omnes
886 4110 970 4160 adhuc
987 4109 1102 4160 Ciceroni
1121 4125 1167 4173 per
1183 4125 1296 4160 errorem
1313 4124 1369 4159 esse
1387 4111 1434 4159 ad·

309 4199 450 4262 scriptas’‘;
477 4201 519 4250 cui
545 4201 687 4249 assentitur
716 4201 827 4250 Beckius
854 4216 878 4264 p.
896 4198 963 4261 627;
979 4201 1183 4266 Lahmeyer
1201 4217 1224 4265 p.
1244 4199 1292 4250 50:
1312 4215 1357 4267 „ac
1375 4216 1437 4266 pro·

311 4290 378 4339 fecto
395 4290 460 4351 quin
477 4290 593 4339 eiusdem
614 4295 726 4353 quatuor
744 4292 802 4341 illae
818 4292 946 4342 orationes
964 4293 1024 4357 sint,
1043 4293 1085 4342 vix
1102 4292 1214 4342 dubitari
1233 4292 1340 4356 potest.”
