3274 5192
847 644 885 704 12

303 831 396 894 datur
426 832 503 895 satis
526 832 676 914 antiquas
701 850 754 895 eas
778 849 848 896 esse
872 832 1040 912 orationes,
1064 830 1156 894 utin
1181 829 1278 894 rebus
1303 830 1428 894 histori-

303 946 349 1008 cis
372 965 428 1028 pro
448 947 640 1009 testimoniis
664 945 838 1009 laudentur
861 952 958 1028 atque
982 943 1194 1008 adhibeantur
1217 943 1280 1007 fide
1304 943 1426 1027 dignis,

301 1080 397 1143 quam
435 1079 532 1122 uncm
567 1079 634 1124 rem
669 1066 829 1143 spectasse
861 1061 1047 1143 scriptorem
1081 1059 1268 1122 historicum
1295 1076 1428 1121 consen-

302 1179 432 1236 taneum
457 1179 515 1236 est.

347 1284 494 1349 Lucas
532 1285 614 1348 1837
650 1287 745 1349 ouius
780 1285 909 1350 libellus
945 1286 1184 1368 (quaestionum
1207 1285 1427 1349 Tullianarum

300 1403 471 1483 specimen,
494 1398 653 1479 Hirschb.)
680 1399 719 1462 ad
745 1419 876 1463 manum
904 1419 967 1462 non
992 1401 1071 1462 mihi
1096 1406 1172 1463 erat.

346 1512 482 1578 Klotz
509 1514 594 1576 1839
618 1512 769 1592 (Cicero’s
794 1513 903 1578 Redeu
928 1513 978 1576 ΙΙΙ
1001 1534 1030 1597 p.
1051 1513 1125 1595 VII,
1145 1514 1199 1577 cui
1219 1532 1325 1578 errore
1338 1519 1429 1597 typo·

300 1629 452 1712 graphico
479 1628 602 1691 inditus
626 1634 674 1692 est
701 1647 857 1692 numerus
884 1627 972 1709 Vlll,
996 1633 1027 1692 et
1050 1629 1083 1690 iu
1107 1632 1215 1690 annot.
1240 1628 1279 1690 ad
1305 1633 1430 1691 nostras
1499 1636 1504 1646 '

302 1744 485 1823 orationes),
521 1760 625 1824 quem,
662 1762 762 1824 quum
797 1744 831 1805 in
867 1742 1005 1826 singulis
1037 1741 1259 1805 tantummodo
1285 1747 1431 1806 versetur
1527 1797 1531 1802 .

302 1855 614 1942 locisydefendendis
638 1861 735 1939 atque
759 1857 897 1939 tuendis,
923 1859 956 1919 in
980 1855 1192 1939 sequentibus
1213 1875 1273 1919 suo
1293 1855 1431 1920 subinde

200 1980 203 1988 “
307 1968 444 2033 laudabo
468 1970 547 2033 loce.

350 2083 452 2147 Paulo
475 2083 582 2146 fusius
602 2083 832 2166 disputandum
853 2085 913 2148 erit
926 2083 1004 2147 dev.
1018 2083 1046 2146 d.
1069 2082 1200 2146 Lahm
1215 2101 1295 2164 eye
1308 2102 1324 2145 r
1345 2082 1429 2146 1850

310 2204 341 2262 et
375 2196 414 2261 ob
450 2217 599 2281 magnam
637 2217 701 2280 qua
724 2199 809 2260 inter
831 2197 1009 2281 philologos
1033 2197 1124 2262 floret
1147 2199 1377 2279 auctoritatem,
1399 2203 1431 2261 et

306 2313 457 2394 quoniam
500 2313 688 2395 aptissimus
730 2312 819 2374 illius
853 2315 902 2376 est
936 2311 1064 2375 libellus
1077 2310 1099 2390 ¹)
1134 2313 1191 2395 qui
1225 2313 1259 2374 in
1293 2330 1430 2376 errorem

308 2425 440 2489 inducat
463 2424 611 2489 lectorem
635 2426 883 2508 imprudentem,
907 2445 981 2489 cum
1006 2427 1247 2490 accuratissima
1271 2446 1335 2508 qua
1357 2445 1431 2489 oon·

306 2541 444 2623 scriptus
479 2558 549 2603 esse
582 2539 713 2603 videtur
747 2539 921 2622 diligentia,
952 2546 1020 2603 tum
1047 2558 1121 2603 vero
1145 2540 1309 2604 doctrinae
1332 2540 1431 2622 copiis

306 2652 522 2742 amplissimis,
557 2652 676 2735 quibus
709 2671 790 2716 usus
813 2652 1037 2717 liberalissime
1060 2653 1204 2716 locorum
1228 2652 1430 2716 laudatorum

307 2765 429 2829 diluvio
462 2784 535 2829 eum
566 2765 752 2849 submergat
783 2786 819 2829 ac
843 2772 968 2830 tantum
993 2787 1057 2830 non
1081 2767 1201 2850 perdat.
1226 2765 1286 2830 Cui
1311 2768 1379 2830 viro
1404 2766 1433 2828 d.

224 2863 227 2868 ⁵
306 2889 369 2943 tam
404 2879 496 2943 firme
527 2885 575 2944 est
599 2898 800 2962 persuasum,
823 2878 987 2944 Ciceronis
1011 2899 1081 2944 esse
1104 2882 1280 2944 orationem
1305 2879 1344 2944 de
1367 2879 1432 2942 har.

307 3012 399 3077 resp,
423 2999 458 3057 ut
481 2994 589 3057 hiulco
614 2995 691 3058 haec
715 2994 902 3078 profiteatur
925 3014 980 3059 ore
1004 2998 1044 3078 (p.
1069 2995 1139 3074 65):
1167 2993 1308 3075 ,Verum
1333 2995 1432 3058 enim-

306 3126 382 3171 vero
406 3126 448 3171 ex
472 3107 577 3171 sobria
602 3109 701 3172 totius
726 3128 858 3173 caussae
882 3110 1128 3193 pertractatione
1152 3114 1260 3192 patere
1285 3108 1433 3190 vidimus,

309 3222 389 3284 nihil
420 3223 538 3286 certius
562 3228 654 3303 stare,
678 3243 774 3305 quam
806 3225 839 3286 in
865 3228 974 3287 nostra
997 3224 1125 3306 quidem
1150 3224 1293 3286 oratione
1316 3241 1432 3286 nomen

308 3335 568 3417 Ciceronianum;
592 3356 807 3421 quaecunque
828 3338 968 3420 prolatae
980 3344 1071 3401 erant
1082 3338 1284 3419 offensiones
1297 3355 1432 3402 evanue

308 3456 384 3514 runt
418 3450 603 3534 diligentius
639 3452 839 3535 exploratae;
875 3453 983 3515 omnia
1005 3452 1160 3532 omnino,
1195 3469 1278 3534 quae
1312 3450 1433 3534 aliquid

308 3565 442 3648 probare
484 3571 623 3648 possent,
665 3585 721 3649 pro
759 3564 912 3630 Cicerone
948 3584 1091 3649 pugnare
1125 3565 1356 3647 intelleximus,
1390 3567 1433 3628 ita

309 3681 449 3763 quidem,
484 3685 528 3761 ut,
562 3681 697 3761 etiamsi,
731 3679 883 3743 omuibus
920 3680 1032 3743 deletis
1063 3680 1256 3743 testimoniis
1282 3677 1434 3759 externis,

308 3795 376 3858 sola
410 3795 593 3857 coniectura
630 3795 782 3856 orationis
818 3799 931 3856 auctor
961 3795 1025 3856 iam
1057 3792 1280 3876 assequendas
1306 3792 1432 3856 demum

309 3913 402 3992 esset,
438 3927 478 3973 ne
513 3910 559 3972 sic
594 3908 723 3991 quidem
760 3927 819 3971 nos
855 3907 920 3970 ullo
958 3907 1052 3970 modo
1087 3906 1125 3970 de
1149 3926 1213 3969 uno
1239 3904 1433 3989 designando

310 4024 463 4089 Cicerone
486 4021 739 4088 dubitaremus.''
762 4023 896 4105 Iamque
920 4022 1086 4086 videamus
1108 4026 1240 4104 oportet,
1251 4019 1434 4084 cuiusmodi

344 4297 371 4361 l)
390 4295 437 4345 Cui
463 4301 501 4344 ost
520 4295 627 4344 titulus:
648 4294 793 4361 ,Orationis
811 4296 841 4344 do
860 4294 1027 4357 haruspicum
1046 4307 1168 4356 responso
1188 4292 1291 4341 habitae
1308 4291 1432 4355 originem

312 4388 458 4438 Tullianam
477 4387 589 4436 defendit
607 4387 680 4437 Gust.
699 4387 850 4452 Lahmeyer,
869 4383 1047 4436 Gon.1850.”
