3274 5192
854 625 872 688 2

300 813 388 876 ronis
423 813 456 874 in
491 811 589 876 rebus
624 812 786 876 tradendis
814 816 944 879 secutus
975 816 1053 894 erat,
1077 831 1146 877 esse
1170 814 1296 896 spurias
1319 832 1424 897 neque

299 944 408 990 eorum
446 927 587 989 virorum
617 927 808 1008 gravissimo
833 926 945 1009 dignas
970 927 1100 990 nomine
1123 947 1262 1010 quorum
1287 929 1423 990 circum·

299 1039 466 1103 ferrentur.
493 1039 553 1118 Sic,
580 1041 752 1122 ,quoniam
776 1042 809 1102 in
836 1038 1021 1104 Ciceronem
1046 1041 1143 1104 semel
1169 1041 1422 1124 impetusdirec-

300 1158 353 1217 tus
395 1151 529 1234 erat”¹),
571 1151 624 1215 ΑΟ.
662 1154 746 1214 1745
791 1155 956 1226 certamini
992 1153 1423 1218 Middletono-Tunstalliano

300 1267 473 1330 intervenit
501 1286 617 1349 magna
641 1267 690 1328 vir
714 1268 910 1354 auctoritate,
937 1267 995 1335 Iar.
1019 1266 1238 1350 Marklandus,
1263 1271 1318 1352 qui
1342 1268 1423 1331 libro

301 1381 637 1462 Animadversionem,
672 1381 808 1463 Anglioo
843 1382 970 1462 scripto,
1003 1400 1068 1444 non
1104 1381 1208 1444 solum
1245 1383 1423 1446 acutissimi

299 1495 456 1558 Tunstalli
497 1497 687 1558 sententiam
732 1513 866 1558 assensu
908 1514 967 1558 suo
1002 1495 1231 1578 comprobavit,
1267 1497 1424 1579 novisque

301 1608 417 1671 additis
441 1609 638 1691 argumentis
662 1608 779 1688 docuit,
803 1627 856 1671 eas
880 1609 1041 1691 epistolas·
1060 1628 1123 1671 non
1148 1609 1335 1672 clarissimis
1349 1610 1424 1671 viris

302 1720 421 1805 quibus
445 1720 571 1804 vulgari
596 1722 747 1803 opinione
770 1721 1046 1804 adscribebantur,
1070 1723 1124 1786 sed
1148 1722 1330 1786 rhetoribus
1354 1741 1425 1786 esse

301 1835 489 1900 tribuendas
504 1837 537 1916 Β),
561 1854 669 1898 verum
703 1837 798 1898 etiam
822 1837 855 1898 in
879 1842 968 1919 parte
992 1837 1167 1920 posteriore
1191 1837 1425 1900 dissertationis

300 1969 378 2013 suae
412 1952 536 2033 primus
571 1949 724 2032 quasdam
762 1949 977 2014 dubitationes
1013 1949 1186 2014 subiunxit
1218 1951 1256 2015 de
1288 1956 1426 2034 quatuor

302 2063 500 2126 orationibus
525 2082 607 2145 quae
629 2063 852 2127 inscribuntur
878 2069 969 2146 „post
991 2064 1131 2128 reditum
1155 2066 1189 2126 in
1211 2072 1335 2146 senatu,
1354 2071 1426 2148 post

301 2178 439 2242 reditum
465 2178 504 2241 ad
529 2175 678 2258 Quirites
703 2177 741 2241 de
766 2177 859 2241 domo
881 2197 949 2258 sua,
969 2177 1007 2242 de
1020 2178 1223 2261 haruspicum
1239 2177 1425 2262 responso,’'

301 2297 390 2356 tanto
413 2294 609 2376 excogitatas
633 2294 790 2373 acumine,
813 2298 944 2376 tamque
973 2292 1109 2375 eleganti
1134 2299 1164 2356 et
1178 2292 1425 2374 exquisitadoc-

301 2410 385 2471 trina
416 2407 599 2490 explicatas
623 2413 659 2469 ut
691 2406 821 2469 alteram
847 2407 1065 2489 quaestionem
1092 2406 1190 2470 simul
1213 2408 1426 2471 commovisse

302 2526 333 2585 et
368 2540 484 2604 magna
520 2539 560 2583 ex
596 2525 684 2602 parte
719 2517 915 2601 profligasse,
950 2519 1081 2582 alteram
1117 2519 1212 2602 plane
1236 2520 1425 2583 aderitum

304 2635 495 2718 perduxisse
517 2633 665 2696 videatur
688 2629 722 2711 ³).

348 2747 434 2812 Huic
466 2753 571 2810 autem
596 2747 777 2810 Marklandi
799 2748 1015 2811 dissertationi
1038 2749 1089 2811 hic
1112 2753 1160 2811 cst
1184 2748 1317 2811 titulus:
1345 2747 1426 2828 „Re-

305 2861 411 2926 marks
446 2881 487 2924 on
523 2861 576 2925 th'e
610 2860 748 2944 Epistles
784 2861 819 2923 of
850 2859 959 2924 Cicero
990 2866 1022 2925 to
1054 2861 1176 2926 Brutus
1208 2866 1276 2943 etc,
1308 2862 1427 2924 witha

304 2975 636 3040 Dissertation
669 2995 755 3059 upon
781 2975 868 3038 Four
891 2973 1040 3040 Orations
1065 2975 1208 3040 ascribed
1233 2982 1264 3040 to
1288 2975 1331 3039 M.
1354 2976 1427 3038 Tul-

303 3092 369 3155 lius
404 3089 530 3154 Cicero:
566 3091 625 3152 viz.
663 3092 857 3172 (sequuntur
892 3090 999 3170 tituli),
1033 3094 1065 3153 to
1085 3090 1203 3152 ‘which
1240 3108 1293 3153 are
1317 3089 1428 3167 added,

305 3223 393 3269 some
416 3203 643 3267 Extracts
667 3208 724 3267 out
748 3203 783 3266 of
802 3204 856 3268 the
879 3203 1022 3268 Notes
1045 3205 1080 3266 of
1095 3203 1240 3268 Learned
1252 3203 1325 3268 Men
1341 3223 1424 3287 upon

304 3319 392 3382 these
426 3317 591 3398 Oratione,
628 3319 690 3381 and
722 3317 1072 3382 Observations
1108 3338 1149 3381 on
1175 3319 1271 3400 them,
1294 3318 1338 3400 by
1361 3318 1425 3382 Jer.

305 3430 482 3494 Markland.
517 3431 650 3494 London
684 3431 800 3494 174ss
832 3431 997 3513 (Nostrum
1022 3437 1248 3515 argumentum
1273 3437 1427 3496 tractatur

305 3566 335 3630 p.
367 3545 562 3625 ars-392).
586 3543 634 3609 De
658 3565 722 3628 quo
745 3544 837 3627 libro,
860 3547 917 3629 qui
940 3565 959 3608 a
982 3545 1144 3609 iudicibus
1167 3547 1369 3630 peritissimis
1392 3547 1425 3609 in
1515 3591 1517 3594 .

307 3713 450 3724 ——.--

337 3821 365 3886 l)
383 3821 418 3872 Ut
444 3819 570 3870 malitiose
586 3819 726 3868 admodum
744 3819 862 3868 observat
879 3817 1029 3883 Lahmeyer,
1047 3819 1170 3868 orationis
1187 3820 1219 3868 de
1236 3819 1341 3882 harusp.
1359 3835 1425 3883 resp.

305 3914 407 3963 habitae
423 3913 548 3976 originem
564 3911 710 3960 Tullianam
729 3911 843 3960 defendit
861 3909 890 3959 G.
908 3910 1052 3975 Lahmeyer
1070 3909 1136 3959 1850
1153 3927 1177 3974 p.
1195 3910 1259 3974 dsq.

337 4005 365 4062 2)
383 4004 510 4054 Tonstalli
539 4003 735 4067 Marklandique
762 4003 793 4052 de
811 4003 851 4051 his
874 4003 989 4065 epistolis
1006 4004 1149 4052 sententiae
1170 4004 1210 4054 A0.
1226 4002 1291 4052 1881
1310 4004 1425 4066 adstipu-

303 4097 372 4146 latus
390 4101 429 4146 est
447 4113 470 4146 v.
488 4096 512 4145 d.
532 4095 595 4144 Paul
615 4095 708 4159 Meyer,
725 4095 927 4158 Untersuchung
946 4094 1009 4144 iiber
1026 4094 1066 4143 die
1086 4094 1164 4159 Frage
1182 4096 1228 4144 der
1246 4094 1366 4144 Echtheit
1384 4094 1427 4143 des

305 4187 498 4236 Brielwechsels
515 4186 602 4236 Cicero
619 4187 649 4234 ad
669 4187 791 4235 Brutum.
808 4184 946 4249 Stuttgart.

337 4277 364 4341 3)
383 4278 430 4327 Hic
447 4277 500 4327 illic
517 4278 570 4340 ipsa
589 4277 713 4325 nonnulla
731 4277 807 4326 verba
825 4276 851 4324 in
871 4290 959 4325 meum
977 4281 1098 4326 converto
1115 4291 1192 4326 usum
1210 4291 1301 4326 eorum
1312 4277 1427 4325 virorum

302 4371 446 4431 doctorum,
463 4369 509 4432 qui
527 4373 587 4417 aute
606 4383 647 4417 me
665 4369 696 4417 de
714 4368 808 4417 nostris
825 4368 1024 4432 disputaverunt
1041 4369 1210 4419 orationibus.
