3288 5186
776 657 816 719 57

232 842 333 910 bitere
367 847 441 928 quis
475 847 578 929 possit
609 846 648 909 de
671 843 798 909 duobus
820 846 899 909 locis
924 845 1013 909 Balb.
1040 847 1079 909 31
1108 867 1146 929 „o
1169 848 1242 911 iura
1265 868 1354 932 prae-

232 958 316 1022 clara
339 965 435 1042 atque
459 959 615 1023 divinitus
639 979 657 1024 a
681 957 857 1022 maioribus
880 961 1000 1024 nostris
1023 959 1244 1044 comparata!’'
1265 959 1354 1025 Catil.

188 1103 190 1108 v
231 1072 282 1136 ΙΠ
306 1075 347 1136 22
374 1074 426 1155 „id
450 1093 516 1137 non
541 1073 697 1137 divinitus
721 1092 791 1137 esse
813 1072 934 1137 factum
958 1072 1124 1157 putatis?’'
1149 1073 1353 1160 Quamquam

204 1184 273 1251 ne
306 1188 346 1251 iis
382 1187 512 1270 quidem
546 1187 625 1251 locis
661 1187 727 1250 ulla
760 1206 925 1252 remanere
956 1194 1059 1272 potest
1093 1189 1250 1253 dubitatio
1275 1193 1354 1274 quin

232 1297 320 1364 θεόθεν
354 1300 399 1365 ibi
430 1320 561 1385 quoque
585 1302 849 1383 divertendum,
872 1309 1042 1386 postquam
1067 1302 1234 1369 nobiscum
1259 1324 1354 1389 repu-

232 1417 408 1480 taverimus
443 1435 506 1479 om
519 1414 659 1480 nibus
692 1416 763 1480 aliis
782 1417 863 1481 locis
887 1437 961 1482 vere
985 1417 1202 1483 Ciceronianis
1226 1438 1295 1483 eam
1319 1421 1354 1484 in

228 1531 288 1594 hoo
323 1529 474 1595 adverbio
504 1532 611 1595 inesse
642 1529 916 1615 significationem.
942 1530 1028 1607 Quin
1053 1532 1200 1598 inlibris
1225 1553 1355 1618 quoque

228 1644 278 1708 de
302 1643 500 1709 Oratore
524 1645 635 1709 eodem
659 1664 786 1728 semper
809 1651 840 1709 et
864 1644 985 1730 ubique
1008 1648 1086 1711 haec
1107 1667 1171 1711 vox
1185 1648 1355 1714 adhibetur

227 1777 343 1823 sensu:
380 1757 424 1821 ibi
456 1764 564 1822 autem
596 1777 722 1841 semper
745 1760 953 1843 coniungitur
975 1779 1050 1824 cum
1076 1760 1278 1841 „scribendi”
1303 1763 1355 1827 vel

232 1871 401 1954 „dicendi”
436 1872 543 1937 verbis
577 1875 722 1956 (excepto
756 1873 825 1936 loco
861 1873 877 1936 Ι
908 1875 972 1938 202
998 1875 1054 1939 ubi
1077 1875 1117 1938 ad
1140 1876 1279 1941 litteram
1304 1883 1353 1942 est

184 2041 187 2046 .
226 1986 446 2066 vertendum),
477 1991 554 2051 sunt
577 1991 685 2051 autem
710 1987 772 2050 loci
797 1987 835 2051 de
859 1985 946 2052 Orat.
971 1987 987 2050 Ι
1012 1988 1071 2069 26;
1098 1990 1158 2068 28;
1183 1991 1242 2071 49;
1269 1992 1353 2072 227;

227 2101 311 2181 202;
336 2100 370 2164 ΙΙ
396 2100 613 2182 127311143
641 2101 680 2163 15
705 2106 763 2165 etc.
1202 2178 1205 2181 Α

271 2213 368 2279 Recte
392 2214 561 2279 adhibetur
584 2215 623 2279 de
646 2215 711 2278 har.
735 2234 817 2298 resp.
841 2219 860 2294 5
887 2216 927 2278 19
949 2216 1124 2296 „divinitus
1137 2216 1350 2301 perscripta'’;

228 2329 267 2393 de
290 2329 384 2392 domo
409 2333 428 2407 5
454 2331 471 2390 l
499 2348 591 2410 „cum
617 2328 717 2392 multa
741 2328 976 2392 divinitus...
1001 2349 1020 2392 a
1040 2329 1215 2394 maioribus
1235 2332 1353 2395 nostris

229 2443 362 2506 inventa
385 2440 492 2505 sunt''.

270 2555 383 2619 Ibid.
410 2553 543 2636 ,Omnis
568 2556 628 2618 erit
651 2560 737 2619 aetas
763 2555 842 2618 mihi
866 2555 905 2618 ad
930 2574 1038 2618 eorum
1065 2574 1141 2639 erga
1166 2576 1216 2621 me
1240 2559 1353 2621 merita

227 2669 438 2753 praedicanda
468 2674 564 2752 atque
587 2665 784 2732 recolenda.”
809 2667 847 2731 cf.
873 2667 1028 2732 Marhl.
1053 2690 1082 2753 p.
1107 2670 1189 2732 249:
1217 2669 1276 2751 „Iu
1299 2671 1354 2734 the

226 2789 306 2847 next
326 2783 417 2866 place
440 2781 456 2844 Ι
481 2801 594 2866 query,
617 2781 749 2846 Wether
772 2782 835 2845 this
858 2793 992 2847 manner
1005 2781 1040 2846 of
1049 2783 1212 2867 speaking,
1227 2763 1354 2870 „omnis

226 2897 286 2959 erit
321 2914 346 2959 e.
360 2917 389 2978 q.
403 2893 458 2977 s.’',
493 2896 521 2959 is
544 2893 648 2975 Latin,
671 2894 733 2957 and
758 2914 823 2975 any
847 2895 952 2959 where
977 2896 1042 2960 else
1065 2902 1098 2960 to
1124 2896 1161 2961 he
1183 2896 1294 2981 found,
1318 2917 1354 2961 or

232 3029 297 3090 any
333 3009 425 3092 thing
458 3008 522 3072 like
552 3007 607 3071 it.”
631 3008 736 3072 Aliter
759 3009 867 3072 omnia
890 3028 924 3073 se
947 3008 1066 3074 habent
1088 3030 1113 3074 e.
1127 3031 1156 3094 g.
1180 3030 1237 3095 pro
1260 3011 1351 3076 Font.

227 3123 312 3200 §21
338 3123 359 3185 i.
372 3120 393 3184 f.

185 3261 188 3266 ·
271 3239 290 3312 5
314 3236 352 3297 31
382 3233 519 3316 ,Nostra
543 3237 705 3299 memoria.
720 3241 882 3300 senatores
906 3255 947 3300 ne
969 3237 1003 3299 in
1029 3238 1097 3301 suis
1119 3238 1250 3321 quidem
1271 3240 1354 3323 peri·

227 3348 310 3413 culis
345 3355 471 3413 mutare
507 3355 626 3412 vestem
663 3348 844 3430 solebant'’;
882 3351 958 3414 haec
990 3350 1086 3415 verba
1111 3356 1166 3415 aut
1189 3355 1354 3418 continent

227 3461 429 3526 mendacium
463 3462 537 3543 (vid.
563 3461 719 3527 Marhl.
743 3484 774 3547 p.
798 3465 862 3527 249
875 3469 943 3548 sq.),
968 3485 1069 3549 quum
1095 3471 1126 3530 et
1148 3469 1218 3550 ipse
1243 3467 1352 3532 Cicero

228 3575 278 3639 ΑΙ.
302 3578 343 3639 58
368 3579 539 3640 mutaverit
565 3582 684 3640 vestem
708 3577 756 3659 (cf.
781 3578 820 3641 ad
846 3579 910 3642 Att.
935 3578 985 3641 ΙΙΙ
1012 3581 1063 3658 15)
1084 3585 1115 3644 et
1127 3599 1153 3643 e.
1165 3601 1194 3664 g.
1207 3579 1352 3646 Licinius

225 3690 333 3752 Macer
368 3688 463 3769 (Plut.
500 3711 528 3752 v.
564 3689 626 3753 Cic.
651 3710 676 3753 c.
702 3692 733 3770 9)
764 3697 795 3756 et
818 3690 976 3757 Lentulus
1000 3692 1095 3773 (Plut.
1118 3694 1138 3756 1.
1151 3694 1170 3757 l.
1184 3714 1209 3757 c.
1237 3697 1299 3778 19),
1323 3700 1354 3760 et

226 3801 362 3867 Murena
385 3801 460 3884 (Cic.
484 3824 541 3887 pro
566 3803 648 3867 Mur.
673 3824 698 3867 c.
723 3806 776 3886 40)
801 3811 832 3870 et
855 3805 945 3870 Sulla
969 3809 1037 3890 (pro
1061 3806 1139 3870 Sull.
1165 3827 1191 3870 c.
1212 3809 1276 3891 31),
1289 3814 1355 3892 aut,

224 3918 253 3980 si
288 3917 316 3980 is
351 3922 399 3981 est
433 3919 534 3982 nostri
565 3918 626 3981 loci
660 3937 775 3982 seusus
799 3938 896 4003 quem
920 3919 995 3982 inde
1018 3919 1132 3983 elicere
1156 3921 1227 3984 vult
1253 3921 1351 3986 Ges·

225 4049 368 4094 nerus
403 4051 431 4115 p.
457 4032 520 4094 239
553 4034 691 4115 („ueque
724 4051 798 4096 vero
822 4032 911 4096 aliud
934 4034 986 4096 hic
1010 4033 1136 4115 dicitur,
1161 4045 1258 4118 quam
1285 4056 1349 4102 me·

227 4145 328 4207 moria
363 4144 525 4210 Ciceronis
560 4145 660 4210 fuisse
696 4151 869 4228 senatores,
905 4149 962 4231 qui
997 4167 1038 4211 ne
1069 4151 1138 4213 suis
1162 4151 1292 4234 quidem
1317 4153 1350 4215 in

225 4259 377 4342 periculis
401 4265 521 4324 vestem
547 4258 739 4340 mutarent”)
764 4262 972 4345 ineptissime,
994 4264 1093 4327 immo
1107 4266 1352 4347 perversissime

227 4374 335 4470 omnia
358 4379 435 4439 sunt
459 4376 633 4439 enuntiata.
