3288 5186
905 647 948 710 48

363 835 458 898 etiam
476 834 607 898 deorum
620 834 848 898 immortalium
870 834 961 899 reli
974 854 995 918 g
1007 834 1018 896 i
1032 853 1050 897 o
1063 853 1114 899 ne
1137 855 1184 898 ar
1198 854 1228 897 m
1242 852 1316 898 are
1337 829 1483 896 malitis.”

408 947 426 1029 ξ
450 948 469 1009 6
498 947 601 1029 „Veni
625 966 688 1012 non
713 948 818 1012 solum
839 948 908 1011 sine
927 947 1005 1012 ullis
1024 948 1124 1031 copiis
1144 967 1180 1011 ao
1201 967 1308 1028 manu,
1329 964 1440 1010 veru
1454 965 1482 1008 m

363 1063 501 1126 etiam
537 1081 633 1125 eum
668 1062 835 1145 paucis
871 1060 1068 1127 amicis''.

405 1174 564 1240 Universa
588 1174 607 1256 ξ
636 1175 673 1236 17
699 1175 837 1258 pessime
861 1177 1027 1239 enuntiata
1054 1176 1132 1239 mihi
1156 1175 1293 1239 videtur.

408 1290 427 1371 ἓ
451 1290 492 1352 27
528 1288 623 1353 verba
661 1288 860 1370 „laudandus
885 1307 988 1354 essem
1013 1291 1041 1354 si
1064 1291 1133 1354 eius
1158 1289 1306 1373 dignitati
1331 1287 1484 1371 suffraga-

360 1408 414 1467 tus
450 1401 595 1467 viderer”
628 1403 777 1486 imperite
808 1403 893 1467 diota
918 1403 1110 1468 videbantur
1134 1402 1260 1467 Wolfio.
1283 1401 1357 1466 Non
1382 1402 1484 1485 magni

361 1522 468 1582 autem
492 1522 569 1581 sunt
592 1517 744 1580 momenti
769 1535 805 1580 ea
831 1535 913 1600 quae
938 1524 1048 1580 eontra
1073 1516 1223 1580 Wolfium
1244 1515 1335 1580 affert
1354 1513 1484 1578 Muel-

362 1633 496 1696 lerus
520 1651 549 1715 p.
573 1629 725 1695 CXXIII.
748 1630 842 1695 Taoet
865 1637 972 1695 autem
996 1630 1153 1695 Klotzius.

404 1747 423 1829 ξ
447 1748 488 1810 32
516 1745 700 1829 „Intellego
722 1744 899 1829 pontifices,
925 1764 976 1808 me
1000 1745 1093 1829 plura
1117 1749 1207 1809 extra
1223 1763 1354 1808 oausam
1368 1743 1483 1806 dixisse

363 1880 458 1944 quam
494 1865 550 1923 aut
584 1861 692 1943 opinio
727 1859 837 1923 tulerit
867 1865 924 1923 aut
956 1859 1183 1923 voluntas
1206 1877 1308 1940 mea,
1332 1857 1388 1921 sed
1412 1875 1481 1920 oum

362 1993 413 2039 me
443 1979 616 2058 purgatum
647 1972 738 2037 vobis
762 1992 833 2037 esse
856 1992 1084 2057 euperem,
1107 1978 1176 2037 tum
1204 1974 1300 2037 etiam
1324 1976 1429 2036 vestra
1450 1971 1481 2032 in

362 2107 414 2152 me
448 2092 568 2153 attente
591 2088 753 2152 audiendo
777 2087 958 2172 benignitas
982 2089 1131 2172 provexit
1153 2089 1328 2152 orationem
1353 2083 1482 2150 meam’'.

363 2202 407 2267 Cf.
431 2201 545 2267 Markl.
570 2222 598 2286 p.
625 2202 706 2283 2863
732 2207 815 2267 tacet
837 2201 993 2266 Klotuius.

407 2317 425 2394 β
450 2318 491 2379 35
530 2314 620 2397 „Nisi
642 2315 802 2380 forte...
827 2314 1118 2399 approbaverunt’'.
1144 2351 1184 2364 -
1210 2315 1283 2379 Nisi
1305 2314 1408 2396 fallor,
1430 2332 1481 2397 pro

361 2431 430 2493 iro
444 2450 465 2492 n
478 2431 490 2492 i
503 2450 522 2493 a
546 2429 628 2492 hano
652 2429 842 2493 sententiam
863 2428 974 2493 lectori
988 2430 1152 2493 venditare
1165 2429 1268 2492 voluit
1280 2427 1481 2506 deolamat0r3

362 2549 395 2607 at
430 2563 524 2626 quem
562 2543 665 2626 turpis
700 2543 813 2624 ironia,
848 2563 943 2627 quam
978 2545 1108 2626 rustica,
1140 2563 1235 2627 quam
1260 2562 1367 2606 crassa
1391 2547 1483 2625 atque

362 2656 538 2721 inurbana!

404 2773 507 2850 §141
545 2769 683 2835 Notatur
717 2774 876 2837 sententia
910 2773 1105 2856 grandisona
1140 2777 1236 2857 atque
1261 2771 1409 2836 sublimis
1433 2769 1482 2834 ad·

360 2885 508 2948 modum:
544 2883 679 2968 „Magna
711 2887 760 2950 vis
784 2890 832 2950 est
856 2905 931 2949 oum
954 2889 988 2949 in
1014 2887 1146 2951 deorum
1171 2886 1401 2950 immortalium
1424 2903 1480 2946 nu·

361 3000 560 3062 minetum
597 2999 783 3061 veroin
819 3001 922 3083 ipsa
957 3018 1002 3063 re
1036 2998 1262 3084 publioa”.

404 3111 530 3197 Septem
566 3112 652 3177 looos
688 3113 744 3196 qui
780 3118 964 3195 sequuntur
995 3133 1072 3179 ase
1096 3119 1222 3178 notatos
1246 3113 1384 3197 benigne
1409 3109 1483 3175 mihi

359 3227 515 3291 indicavit
538 3248 565 3290 v.
590 3229 627 3291 ol.
651 3226 893 3308 Hartman;
918 3234 995 3293 sunt
1019 3233 1144 3293 autem:

402 3342 420 3422 ᾗ
449 3342 510 3404 105
538 3340 715 3423 „Quoniam
740 3342 801 3419 ille,
826 3344 881 3426 qui
906 3343 986 3406 nihil
1012 3343 1135 3407 viderat
1154 3345 1258 3407 solens
1284 3342 1372 3426 quod
1393 3340 1477 3405 nefas

359 3460 452 3537 esset,
486 3455 610 3518 lumina
644 3459 760 3538 amisit,
795 3457 899 3538 istius,
935 3457 991 3540 qui
1027 3477 1091 3520 non
1128 3458 1232 3521 solum
1266 3463 1407 3539 aspectu,
1430 3453 1481 3518 sed

359 3570 454 3632 etiam
488 3570 611 3634 incesto
646 3569 767 3653 flagitio
804 3576 835 3632 et
866 3574 976 3653 stupro
1001 3571 1211 3634 caerimonias
1234 3559 1360 3653 polluit,
1384 3587 1481 3653 poena

359 3684 464 3746 omnis
501 3683 666 3746 oculorum
703 3682 743 3747 ad
777 3684 959 3747 caecitatem
996 3685 1113 3747 mentis
1148 3689 1197 3748 est
1228 3681 1412 3747 eonversa.’'
1442 3717 1478 3726 -

358 3794 466 3880 Ipsius
490 3798 640 3879 auctoris,
664 3816 727 3859 non
752 3795 965 3879 librariorum,
989 3798 1104 3861 vitium
1129 3798 1241 3861 tollere
1266 3798 1345 3860 mihi
1359 3797 1480 3860 videtur

359 3908 430 3974 Iee
443 3930 463 3994 p
475 3911 486 3972 i
499 3930 549 3974 us
572 3912 751 3975 oonioiens:
780 3910 850 3992 „Ab
874 3911 1074 3975 oculorum.''

404 4025 423 4106 ἕ
450 4025 513 4086 114
536 4024 758 4090 Insulsissima
780 4026 981 4109 ineptissima
1005 4031 1082 4090 eunt
1106 4025 1219 4090 verba:
1249 4025 1373 4107 „Venio
1397 4041 1479 4088 nuno

359 4138 399 4202 ad
422 4137 575 4221 patrem.’'

404 4252 423 4333 ς
449 4253 511 4314 128
539 4251 619 4332 „Sed
644 4254 721 4335 quia
744 4252 1094 4317 consecrabantur...
1119 4253 1188 4317 fieri
1212 4251 1345 4317 vetuit.'’

402 4365 421 4447 ξ
455 4365 518 4428 134
556 4365 707 4447 „Viderat
731 4366 786 4429 ille
811 4365 989 4451 Murenam,
1012 4369 1163 4432 vitricum
1188 4387 1295 4449 suum,
1318 4365 1478 4431 consulem
