3288 5186
729 671 771 733 53

191 862 256 919 tam
286 855 388 920 facem
413 855 553 940 reppulit
575 875 594 919 a
617 857 762 940 templis,
786 860 805 934 ἓ
830 857 873 918 24
896 878 915 921 a
939 857 1053 920 vestris
1077 856 1216 939 reppulit
1239 862 1317 920 tem-

193 968 255 1053 plis
279 1006 320 1016 —
346 989 364 1032 a
388 970 504 1034 vestris
527 971 665 1053 reppulit
687 969 832 1054 templis,
853 971 927 1049 §25
941 971 1081 1034 divinam
1098 1008 1138 1016 -
1151 970 1316 1050 divinum3

191 1087 210 1162 ᾗ
236 1084 276 1146 27
301 1088 506 1168 potestas-
532 1089 728 1168 potestatem.

238 1194 323 1261 Ohe!
349 1198 417 1262 iam.
437 1198 515 1262 satis
540 1198 605 1262 est!

722 1313 794 1389 aa

236 1448 333 1513 Haud
357 1451 469 1534 paucis
493 1451 572 1514 locis
597 1469 691 1514 voces
714 1455 890 1514 occurrunt
914 1451 965 1514 vel
990 1450 1146 1515 formulae
1171 1457 1226 1515 aut
1248 1471 1318 1535 per-

192 1581 298 1646 peram
335 1563 494 1627 adhibitae
530 1569 585 1627 aut
620 1563 801 1628 Latinitatis
837 1569 1013 1648 suspectae.
1047 1563 1190 1640 Quarum
1215 1585 1316 1648 quum

192 1697 265 1760 pars
300 1696 363 1740 non
399 1679 518 1760 exigua
553 1677 709 1748 efficiatur
740 1679 781 1741 iis
813 1678 1031 1743 locutionibus
1057 1699 1139 1762 quae
1163 1686 1319 1745 vocentur

191 1785 278 1864 ἅπαξ
311 1789 456 1873 εἰρημένοι,
489 1797 659 1874 antequam
685 1792 812 1855 veniam
840 1792 879 1854 ad
902 1795 1111 1876 propositum,
1136 1813 1316 1858 commone·

191 1904 311 1968 sacham
347 1905 442 1968 velim
477 1906 639 1986 lectorem,
674 1925 739 1969 non
773 1925 823 1969 me
848 1924 917 1970 esse
941 1925 1025 1989 eum,
1049 1909 1104 1990 qui
1129 1909 1234 1971 statim
1262 1907 1317 1971 ubi

192 2038 257 2081 vox
281 2018 436 2101 quaedam
462 2037 532 2082 sese
555 2017 665 2081 offerat
689 2037 771 2101 quae
794 2038 860 2082 non
880 2020 943 2083 nisi
957 2040 1021 2083 uno
1034 2021 1103 2084 loco
1117 2021 1203 2104 apud
1216 2022 1319 2104 scrip-

191 2137 292 2195 torem
325 2135 472 2194 nostrum
496 2130 551 2194 fiat
575 2131 713 2211 obviam,
737 2131 901 2195 falsarium
928 2153 961 2196 se
985 2133 1232 2216 deprehendisse
1256 2135 1318 2198 cla-

192 2245 290 2307 mitet.
321 2243 373 2306 llx
404 2246 502 2307 animi
525 2246 611 2308 enim
636 2246 794 2309 sententia
816 2247 1078 2330 prudentissimis
1102 2265 1152 2310 me
1177 2247 1318 2331 adiungo

193 2356 392 2421 Gesneri
426 2347 513 2422 hisce
550 2358 655 2423 verbis
679 2362 718 2442 (p.
744 2360 836 2439 278):
866 2359 948 2440 „Sed
974 2379 1081 2423 annon
1106 2361 1198 2424 licuit
1222 2363 1316 2424 etiam

193 2468 339 2534 Ciceroni
374 2471 497 2554 aliquid
522 2471 635 2551 dicere,
660 2473 747 2556 quod
771 2492 830 2536 nec
853 2475 921 2556 ipse
945 2473 1024 2538 alias
1049 2474 1198 2537 dixerat?
1225 2472 1318 2550 Quod

192 2582 271 2646 alias
306 2584 400 2648 hodie
431 2603 495 2647 non
520 2585 660 2669 legitur?
685 2586 737 2649 Ad
762 2607 858 2669 quam
885 2589 1069 2671 pauperiem
1094 2587 1265 2670 redigetur,
1290 2591 1318 2652 si

191 2699 236 2760 ita
270 2699 406 2781 agimus,
441 2697 554 2761 Latina
590 2698 734 2763 orati0?’'
760 2698 855 2782 Quin,
880 2720 929 2764 me
952 2702 1068 2782 iudice,
1091 2708 1161 2765 tum
1186 2702 1314 2766 demum

191 2819 277 2875 recte
310 2811 533 2875 huiuscemodi
566 2812 723 2877 formulae
758 2814 951 2878 adhibentur
987 2814 1026 2878 ab
1057 2817 1097 2878 iis
1131 2818 1188 2898 qui
1212 2815 1318 2887 νοθείας

191 2925 345 3007 seriptum
381 2925 542 3008 quoddam
577 2945 711 3010 arguere
747 2928 869 3009 volunt,
895 2930 923 2992 si
948 2929 1036 3011 ipsae
1059 2930 1139 2992 istae
1162 2928 1318 2992 formulae

191 3038 299 3122 inepte
335 3039 399 3102 sint
430 3041 624 3122 compositae
648 3041 765 3104 velita
789 3049 825 3104 ut
848 3061 866 3103 a
891 3043 1016 3105 sincera
1040 3041 1208 3106 abhorrere
1232 3044 1319 3106 vide-

192 3159 288 3215 antur
306 3151 485 3234 Latinitate,
511 3173 605 3235 „nam
629 3172 685 3236 per
709 3173 743 3218 se
768 3153 857 3217 sola”
871 3193 912 3202 —
927 3162 963 3218 ut
987 3161 1059 3218 utar
1084 3155 1190 3219 verbis
1214 3155 1319 3219 Lah-

194 3269 368 3348 meyeri
392 3288 421 3351 p.
446 3269 497 3349 23,
523 3269 550 3349 l,
571 3305 612 3314 -
641 3267 751 3348 ,nullo
775 3267 837 3331 alio
859 3275 1018 3332 momento
1041 3265 1320 3352 aucmentacione}

192 3377 341 3456 λεγόμεναι
364 3381 443 3444 nihil
467 3401 600 3465 prorsus
624 3381 758 3462 efficere,
781 3381 1175 3446 consentaneumest.''cf.
1190 3402 1320 3467 quoque

193 3492 448 3558 Hoffmann
472 3516 502 3579 p.
531 3496 581 3558 10.

637 3658 662 3722 I.
687 3659 729 3723 Io
752 3664 872 3724 senata

238 3812 256 3893 ξ
294 3812 310 3875 l
349 3809 539 3895 ,Cumulate
570 3811 689 3895 gratias
718 3810 832 3894 agere”
863 3812 923 3875 hoc
947 3815 1073 3876 tautum
1097 3811 1215 3895 legitur
1238 3812 1317 3876 loco.

194 3922 362 3989 Cumulate
397 3925 491 4009 plana
524 3923 627 3989 facere
663 3924 752 3987 Verr.
785 3924 814 3986 V
849 3925 927 4004 165,
953 3925 1115 3989 cumulate
1138 3926 1318 4008 persolvere

193 4039 334 4121 praemia
356 4037 437 4101 Phil.
461 4037 543 4101 XIV
568 4040 619 4102 35.
644 4075 684 4083 -
709 4037 791 4101 Mira
816 4037 986 4102 verborum
1013 4039 1205 4101 coniunctio.

236 4151 349 4215 Ibid.
388 4150 534 4234 ,Quaeso
567 4150 793 4235 obtestorque'’
818 4153 887 4215 sine
915 4149 1031 4233 ,vos”;
1056 4171 1218 4236 nusquam
1243 4152 1319 4214 alibi

193 4265 337 4347 obviam,
373 4286 438 4329 non
473 4265 678 4330 librariorum
712 4284 819 4330 errore
853 4268 1009 4330 omissum
1045 4285 1115 4330 esse
1139 4284 1317 4350 pronomen

190 4386 320 4465 apparet
343 4399 384 4445 ex
408 4379 590 4445 Mamertini
614 4380 682 4444 loco
708 4399 803 4465 quem
827 4380 919 4444 attuli
944 4399 1010 4466 cap.
1035 4380 1095 4444 IV.
