3274 5192
862 591 906 654 44

320 778 475 861 gentique
510 797 614 842 unum
648 778 826 842 alterumve
861 795 931 842 esse
966 777 1177 860 compositum
1215 776 1334 841 librum
1366 780 1444 842 anti-

323 911 432 974 quum.
469 889 562 967 Quod
597 896 706 955 autem
742 891 782 955 ad
816 892 923 975 ipsum
953 892 1066 956 attinet
1088 890 1238 973 Tullium,
1261 893 1362 956 satius
1387 894 1446 956 erit

321 1007 374 1069 hic
410 1025 540 1090 quoque
574 1006 759 1090 loquentem
794 1006 947 1070 inducere
982 1026 1010 1068 v.
1043 1006 1090 1087 cl,
1113 1025 1208 1089 quem
1234 1007 1359 1089 saepius
1384 1007 1445 1069 iam

321 1121 355 1183 in
380 1121 438 1183 1113
462 1139 532 1184 mea
554 1120 685 1183 laudavi
710 1120 943 1204 disputatione:
972 1118 1199 1200 „Ciceronem”
1224 1157 1265 1166 -
1292 1121 1338 1184 sic
1361 1122 1443 1184 enim

322 1231 1443 1318 3311111131.Η1111111,(13Μ.Τ11113(11331313111-

325 1346 530 1429 ,Ciceronem
567 1350 624 1431 qui
648 1350 725 1413 satis
750 1348 806 1412 diu
829 1349 963 1428 triverit,
987 1349 1015 1411 is
1037 1367 1095 1431 pro
1120 1355 1204 1411 certo
1230 1352 1370 1412 statuere
1393 1368 1445 1432 po·

322 1467 399 1527 test:
439 1460 528 1543 „Hoc
564 1461 726 1527 Ciceronis
757 1468 814 1544 est,
838 1463 897 1525 hoc
928 1482 993 1525 non
1017 1467 1081 1541 est,
1107 1464 1165 1525 hoc
1192 1463 1365 1544 sincerum,
1388 1463 1445 1526 hoc

323 1575 533 1640 mutilum.”'’

367 1687 496 1769 Quibus
532 1690 571 1753 de
605 1689 702 1753 rebus
726 1691 901 1774 quominus
925 1689 1074 1774 pluribus
1098 1690 1251 1754 disseram
1275 1689 1443 1772 prohibent

324 1805 459 1868 huiusce
482 1804 581 1868 libelli
606 1806 789 1887 angustiae;
816 1824 923 1889 neque
946 1824 1026 1889 opus
1050 1806 1163 1888 opinor
1182 1809 1219 1868 ut
1230 1803 1335 1868 fusius
1349 1808 1443 1888 atque

323 1918 463 2001 amplius
498 1918 550 1982 hic
585 1918 744 2001 disputem
781 1919 820 1982 de
855 1938 889 1982 re
924 1919 963 1982 de
999 1938 1062 2003 qua
1096 1919 1170 1996 (nisi
1193 1919 1319 2002 egregie
1342 1917 1445 2001 fallor)

325 2034 409 2095 inter
433 2050 544 2095 omnes
568 2036 724 2096 nostrates
749 2032 918 2096 dumtaxat
941 2037 1082 2108 coustat3
1107 2033 1244 2096 transire
1262 2033 1362 2115 igitur
1373 2031 1446 2095 11331

323 2146 363 2210 ad
398 2147 670 2210 enumerationem
708 2164 819 2209 eorum
855 2153 1118 2230 argumentorum
1150 2165 1232 2228 quae
1256 2146 1445 2210 3313131113

323 2261 457 2324 interior
491 2260 569 2322 mihi
604 2259 857 2324 subministrarit
871 2260 902 2337 1).
940 2259 1224 2324 Enumerationem
1260 2259 1349 2322 dico:
1383 2278 1444 2322 non

323 2377 409 2438 enim
444 2376 479 2437 in
515 2376 622 2438 animo
658 2380 706 2438 331
740 2379 777 2438 11
808 2374 944 2458 singulis
980 2374 1058 2439 locis
1094 2394 1176 2458 quos
1206 2375 1268 2438 sim
1292 2373 1445 2437 allaturus

324 2490 492 2553 universas
528 2487 721 2572 subiungam
757 2490 920 2552 variorum
957 2489 1099 2552 virorum
1124 2487 1173 2550 dd.
1198 2487 1444 2571 disputationes3

325 2622 426 2685 quum
451 2620 469 2665 e
493 2604 653 2665 contrario
676 2603 722 2666 131
747 2621 797 2666 me
820 2601 1013 2667 satisfecisse
1036 2600 1214 2666 arbitrabor
1234 2602 1263 2665 si
1283 2602 1362 2664 vitia
1380 2605 1445 2664 tan·

324 2735 420 2799 quam
446 2714 545 2799 digito
569 2715 787 2798 indicaverim,
811 2734 893 2799 quae
916 2717 986 2800 ipsa
1010 2735 1066 2800 pro
1091 2734 1126 2779 33
1150 2715 1251 2778 multo
1275 2715 1446 2798 loquentur

323 2827 475 2892 disertius
518 2848 614 2911 quam
657 2830 801 2893 virorum
841 2830 1040 2894 eruditorum
1077 2830 1362 2893 commentationes
1398 2828 1446 2891 vel

324 2941 535 3005 doctissimae.

846 3106 918 3188 §a

368 3268 417 3331 Ac
451 3269 590 3351 primum
627 3269 756 3351 quidem
790 3269 933 3333 indicare
967 3269 1064 3332 velim
1099 3268 1186 3333 locos
1209 3268 1386 3332 nonnullos
1408 3287 1447 3332 ex

325 3386 464 3465 quatuor
492 3383 611 3446 nostris
643 3402 714 3465 err,
737 3384 792 3466 qui
817 3384 985 3466 compositi
1009 3389 1086 3446 sunt
1109 3383 1183 3447 stilo
1206 3387 1272 3446 tam
1295 3381 1446 3466 languido

324 3500 454 3579 tamque
487 3501 637 3560 enervato
673 3501 709 3560 ut
740 3498 933 3580 persuadere
957 3498 1034 3560 mihi
1058 3497 1149 3561 nulla
1172 3498 1293 3581 possim
1318 3498 1447 3578 ratione,

325 3631 344 3674 a
376 3610 481 3673 Tullio
514 3629 625 3674 revera
648 3629 703 3674 eos
727 3629 797 3674 esse
820 3610 986 3694 profectos.
1012 3609 1164 3686 Qualium
1188 3613 1445 3675 enuntiationum

325 3746 425 3810 quum
460 3723 634 3788 nonnullas
669 3725 720 3787 hic
748 3723 888 3805 excribo,
911 3745 988 3809 rogo
1020 3725 1170 3789 lectorem
1195 3724 1388 3789 benevolum
1415 3729 1447 3789 ut

324 3843 472 3903 13311113
506 3856 544 3901 31
578 3838 718 3921 perlegat
751 3858 815 3901 una
848 3857 922 3901 cum
945 3844 1011 3903 1313
1034 3840 1067 3901 11
1093 3858 1157 3923 quo
1181 3846 1354 3904 occurrant
1377 3859 1447 3903 con·

357 4060 386 4126 1)
404 4061 441 4111 De
466 4061 594 4111 industria
618 4061 689 4112 hisce
714 4067 774 4112 utor
801 4062 893 4126 verbis,
916 4077 982 4127 quae
1005 4063 1089 4126 primo
1106 4067 1212 4125 aspectu
1229 4061 1389 4112 subobscura
1409 4060 1447 4112 rel

324 4155 404 4204 etiam
429 4168 548 4216 perversa
573 4155 687 4218 cuipiam
713 4155 793 4204 rideri
820 4162 941 4219 possunt;
959 4155 1075 4219 planiora
1093 4160 1182 4205 autem
1200 4155 1265 4204 liant
1285 4159 1386 4218 oportet
1402 4154 1449 4204 col·

322 4246 434 4296 11311111
457 4245 600 4295 clarissimo
625 4246 726 4295 lumine
750 4247 840 4310 eapitis
863 4248 1031 4310 pulcherrimi
1048 4247 1359 4314 Schopenhauer,
1378 4245 1445 4297 Welt

323 4337 362 4386 als
380 4333 459 4386 Wille
474 4350 500 4387 1
517 4334 684 4403 Vorstellung
702 4337 726 4388 ll
744 4351 798 4403 cap.
815 4335 858 4390 19.
