3288 5186
852 661 894 724 86

310 853 516 916 constitutam
542 870 619 914 -rem
650 849 821 931 librariam,
851 849 884 913 id
915 848 1001 932 quod
1025 849 1154 912 nonnisi
1178 849 1289 912 multis
1312 848 1431 912 factum

309 971 358 1030 est
381 965 517 1030 saeculis
541 968 622 1048 post,
645 967 712 1027 arte
736 963 922 1047 praesertim
946 964 1078 1026 inventa
1101 963 1338 1046 typographica,

355 1079 444 1156 Quae
468 1084 636 1163 postquam
662 1076 830 1141 nobiscum
850 1076 1088 1160 perpendImus,
1107 1081 1289 1140 statuamus
1303 1080 1435 1159 oportet,

311 1194 400 1258 nullo
433 1195 513 1274 iure,
547 1195 645 1256 immo
680 1195 803 1254 tantum
839 1210 904 1255 non
936 1189 1123 1271 absurde,a
1155 1191 1233 1254 viris
1256 1189 1308 1253 dd.
1331 1189 1435 1252 afferri

309 1313 406 1392 atque
441 1307 621 1371 enumerari
656 1305 769 1388 longas
803 1306 902 1368 series
934 1304 1078 1367 locorum
1113 1323 1155 1368 ex
1187 1304 1284 1367 variis
1308 1304 1435 1367 serioris

311 1422 422 1485 aetatis
456 1421 673 1504 grammaticis
696 1418 904 1498 effossurum3
928 1420 1038 1501 itaque
1060 1417 1135 1481 inde
1158 1416 1198 1480 ab
1221 1417 1314 1480 initio
1339 1417 1435 1479 missa

310 1553 369 1598 nos
400 1533 505 1597 facere
535 1533 610 1596 licet
634 1533 744 1611 (immo
768 1536 901 1614 oportet)
928 1507 1152 1612 „testimonia”
1176 1549 1260 1613 quae
1283 1529 1436 1593 dicuntur

309 1651 340 1712 et
364 1644 527 1726 Macrobii,
550 1652 581 1708 et
605 1643 720 1708 Amm.i
745 1643 930 1726 Marcellini,
954 1649 986 1708 et
1005 1643 1197 1726 Mamertini,
1216 1650 1247 1707 et
1268 1641 1435 1724 Lactantii,

309 1765 341 1825 et
364 1759 458 1841 Festi,
481 1764 513 1823 et
537 1759 676 1842 Aquilae
699 1757 847 1838 Romani,
870 1763 901 1822 st
924 1757 1038 1840 Servii,
1062 1763 1093 1822 et
1116 1756 1249 1841 Pompei
1270 1755 1434 1819 Gramma·

308 1873 373 1952 tici,
405 1878 436 1935 et
468 1870 646 1952 Frontonis,
676 1878 707 1934 et
732 1872 887 1935 Arusiani
911 1870 1030 1952 Messii,
1053 1876 1086 1935 et
1108 1870 1184 1935 Iulii
1206 1853 1381 1946 Rufiniani,
1405 1876 1435 1933 et

307 1984 413 2048 hercle
447 1983 560 2047 Grillii.
595 1983 684 2047 Nihil
719 1985 804 2047 enim
840 2003 881 2048 ex
915 1983 1052 2048 infinitis
1083 1984 1170 2048 bisce
1193 1983 1308 2047 deduci
1332 1988 1433 2066 potest

308 2096 606 2164 enumerationibus
629 2099 693 2161 nisi
716 2098 793 2161 hoc:
1364 2163 1370 2174 ,

353 2213 496 2278 saeculis
526 2213 651 2276 H-VI
687 2233 715 2297 p.
740 2211 772 2275 O.
797 2232 827 2275 n.
859 2213 1036 2296 permultos
1061 2214 1146 2275 viros
1169 2212 1279 2276 doctos
1303 2230 1360 2295 pro
1383 2229 1434 2294 ge

314 2329 425 2392 nuinis
460 2326 611 2390 habuisse
641 2327 768 2390 easdem
792 2328 960 2407 orationes,
984 2328 1123 2410 quaein
1147 2327 1265 2390 nostris
1288 2326 1436 2410 legantur

314 2440 497 2520 codicibus,
533 2441 610 2504 satis
645 2441 743 2522 igitur
778 2442 927 2524 antiquas
957 2459 1011 2504 eas
1041 2441 1312 2518 esseorationes3
1338 2439 1435 2501 -id

315 2558 421 2618 autem
446 2573 487 2617 ex
510 2555 588 2637 ipsis
612 2552 810 2617 orationibus
833 2555 895 2617 iam
920 2553 976 2617 diu
1001 2552 1094 2617 nobis
1117 2555 1301 2617 innotuerat
1313 2557 1348 2631 ¹).

359 2669 403 2731 At
435 2673 559 2751 praeter
593 2685 682 2731 serae
716 2669 827 2731 aetatis
863 2668 935 2731 illos
971 2672 1068 2732 testes
1102 2666 1186 2730 alius
1220 2667 1320 2748 adest,
1343 2668 1435 2729 ouius

315 2781 533 2844 testimonium
563 2799 665 2863 aeque
688 2799 724 2843 ao
747 2780 876 2843 illorum
900 2784 968 2844 tute
992 2779 1117 2844 abicere
1138 2780 1228 2843 licet:
1254 2778 1435 2855 Quinti·

314 2894 411 2956 lian
426 2913 447 2955 u
461 2913 491 2956 m
512 2894 590 2956 dico.
616 2892 716 2957 Cuius
739 2895 895 2957 iudicium
919 2895 952 2956 in
973 2894 1030 2958 tali
1050 2894 1237 2978 quaestione
1249 2911 1315 2955 non
1328 2893 1434 2976 magni

314 3026 384 3072 esse
418 3005 611 3087 habendum,
646 3006 696 3070 vel
731 3008 806 3071 inde
841 3007 913 3071 luce
949 3013 1076 3092 apparet
1100 3007 1227 3090 clarius,
1252 3007 1338 3091 quod
1365 3006 1434 3087 „In-

314 3124 472 3184 veotivam
514 3123 548 3182 in
591 3118 807 3200 Ciceronem'',
850 3140 933 3204 quae
974 3119 1117 3184 Sallustii
1160 3119 1263 3183 fertur
1298 3122 1435 3200 nomine,

315 3252 477 3317 quamque
501 3251 611 3296 omnes
636 3234 828 3296 recentiores
853 3234 908 3316 qui
932 3233 1054 3296 scilicet
1077 3235 1145 3296 veri
1164 3231 1307 3296 Sallustii
1320 3251 1434 3316 cogno-

314 3353 386 3409 rant
420 3346 540 3425 stilum,
574 3348 644 3408 sine
676 3345 875 3409 dubitatione
911 3364 975 3409 una
1013 3364 1090 3409 voce
1124 3365 1198 3409 cum
1233 3344 1269 3408 P.
1292 3345 1434 3410 Victorio

313 3458 418 3537 (Varr.
443 3456 541 3522 Lectt.
565 3457 631 3520 XV
655 3459 686 3534 3)
711 3460 853 3540 spuriam
877 3463 908 3521 et
927 3459 1162 3542 supposititiam
1182 3477 1253 3523 esse
1266 3458 1435 3540 declarant,

314 3577 351 3636 ut
384 3569 612 3634 Sallustianam
647 3570 752 3634 tribus
786 3570 896 3634 laudet
928 3572 1055 3654 locist).
1087 3571 1158 3648 Qua
1187 3574 1221 3634 in
1252 3591 1288 3636 re
1319 3591 1360 3636 ne
1383 3573 1434 3636 cui

315 3739 460 3747 .---ι

347 3842 374 3908 1)
392 3842 441 3892 Eos
466 3842 508 3893 hic
533 3847 618 3906 specto
644 3843 718 3906 locos,
745 3841 789 3892 ubi
814 3846 905 3892 auctor
932 3847 1020 3892 noster
1035 3844 1163 3908 copiosam
1182 3844 1296 3894 ostendit
1314 3844 1435 3895 historiae

313 3935 464 3999 doctrinam,
490 3949 544 3999 ag.
561 3935 592 3984 de
609 3935 666 3986 har.
684 3949 751 4000 resp.
770 3934 782 3998 5
802 3933 835 3984 li
853 3933 898 3984 ubi
915 3934 1025 4000 legimus
1042 3936 1262 3986 accuratissimam
1281 3935 1433 4000 pontificum

313 4028 555 4089 enumerationem
579 4041 632 4090 quo
658 4027 711 4076 loco
728 4027 799 4076 valde
816 4032 855 4076 est
873 4026 1048 4091 memorabile,
1067 4029 1280 4090 praetermissum
1298 4042 1354 4078 esse
1370 4029 1383 4078 t
1391 4028 1435 4077 la-

315 4121 428 4169 minis
454 4119 574 4169 Dialis
600 4134 711 4183 nomen;
729 4125 829 4170 constat
845 4125 934 4170 autem
951 4135 982 4170 ex
1001 4120 1059 4170 Tac.
1077 4120 1145 4172 Anu.
1162 4121 1198 4170 111
1215 4118 1256 4184 58,
1273 4121 1334 4170 inde
1350 4121 1382 4171 ab
1400 4121 1435 4169 at.

313 4208 345 4258 87
372 4225 454 4273 usque
479 4211 511 4260 ad
537 4218 582 4261 affl.
598 4208 639 4268 ll,
657 4225 716 4275 ergo
733 4212 787 4274 ipso
805 4226 909 4276 quoque
926 4214 961 4262 a⁰.
979 4209 1013 4261 56
1029 4225 1082 4277 quo
1100 4212 1162 4262 haec
1178 4211 1260 4262 oratio
1279 4212 1365 4262 habita
1382 4226 1435 4262 asae

312 4302 414 4365 dicitur,
431 4301 545 4350 flaminis
562 4301 632 4350 illius
649 4302 734 4351 locum
752 4302 833 4353 luisse
851 4317 970 4354 vacuum.

341 4392 368 4456 2)
395 4391 553 4451 Quintil.
578 4392 597 4440 Ι.
615 4390 645 4441 0.
663 4392 696 4442 lV
715 4391 804 4457 1,6e;
822 4393 898 4458 1113,
916 4393 962 4459 89;
981 4394 1017 4444 XI
1033 4393 1057 4457 l,
1074 4391 1115 4443 24.
1135 4393 1266 4444 Postremo
1286 4351 1350 4444 huic
1367 4394 1421 4444 loco
