3274 5192
314 1401 392 1450 ultis
410 1401 529 1464 singular
546 1403 604 1450 that
626 1403 762 1452 wherever
782 1419 821 1452 we
840 1403 893 1453 find
912 1419 927 1452 a
946 1419 1008 1453 man
1026 1405 1129 1467 higher,
1148 1404 1181 1468 by
1199 1419 1214 1452 a
1231 1405 1316 1454 whole
1332 1403 1409 1466 head,

283 1494 363 1542 »than
381 1508 431 1557 any
448 1494 477 1542 of
493 1495 534 1542 his
552 1495 785 1558 contemporaries
803 1495 824 1544 it
843 1497 865 1544 is
884 1511 946 1545 sure
963 1500 991 1544 to
1009 1510 1083 1545 come
1101 1496 1158 1544 into
1175 1495 1266 1558 doubt,
1282 1496 1354 1544 what
1363 1509 1409 1544 are

281 1585 338 1633 »his
355 1585 411 1634 real
430 1585 526 1635 works.
543 1586 623 1648 Thus,
643 1587 749 1649 Homer,
767 1587 849 1644 Plato,
870 1587 994 1650 Rallaele,
1012 1585 1186 1650 Shakspeare.
1202 1586 1252 1635 For
1261 1587 1337 1635 these
1347 1601 1409 1635 men

281 1663 443 1739 »magnetize
469 1677 541 1725 their
567 1677 799 1740 contemporaries
827 1693 855 1726 so
880 1679 939 1727 that
963 1678 1035 1727 their
1060 1677 1231 1741 companions
1249 1693 1299 1726 ean
1317 1677 1349 1726 do
1368 1679 1408 1726 lor

280 1769 370 1816 »them
397 1769 467 1817 what
485 1769 548 1832 they
567 1783 616 1818 ean
635 1784 717 1818 never
734 1770 767 1818 do
786 1771 826 1819 lor
842 1770 1020 1833 themselves3
1039 1770 1090 1818 and
1109 1771 1155 1818 the
1174 1773 1247 1833 great
1266 1783 1326 1818 man
1346 1768 1409 1818 does

279 1860 358 1908 »thus
376 1859 429 1908 live
446 1859 475 1908 in
494 1861 596 1908 several
613 1860 711 1923 hodieS,
729 1861 781 1910 and
800 1861 885 1924 write,
903 1876 933 1910 or
953 1861 1034 1924 paint,
1053 1875 1082 1910 or
1100 1865 1150 1924 aot,
1168 1860 1201 1924 by
1219 1875 1297 1924 many
1307 1859 1407 1909 hands:

280 1951 355 2013 nand,
374 1951 443 2000 aster
461 1966 533 2000 some
552 1952 626 2015 time,
645 1953 666 2000 it
684 1953 706 2001 is
724 1957 770 2002 not
790 1967 850 2017 easy
869 1957 896 2001 to
914 1968 959 2016 say
978 1953 1049 2001 what
1067 1952 1089 2001 is
1112 1953 1159 2001 the
1177 1952 1317 2001 authentia
1335 1951 1409 2000 work

281 2041 325 2090 rof
339 2043 385 2090 the
405 2045 512 2106 master,
530 2043 581 2091 and
603 2043 675 2092 what
692 2044 716 2092 is
733 2043 794 2107 only
812 2044 838 2092 ol
856 2044 898 2093 his
916 2041 1030 2093 school.’'

722 2160 857 2224 Enunsom
876 2161 1033 2224 Represent.
1052 2161 1114 2210 Men
1134 2161 1157 2210 ll
1176 2159 1255 2225 (Ww.
1274 2176 1304 2224 p.
1316 2159 1409 2224 15312).

317 2374 406 2432 »Quod
426 2376 509 2438 igitur
527 2375 661 2438 plerisque
681 2377 735 2425 fere
754 2377 786 2426 ab
805 2377 919 2426 Homero
937 2376 999 2426 iude
1018 2377 1151 2427 nobilibus
1163 2376 1338 2439 scriptoribus
1348 2391 1409 2424 eve-

280 2468 345 2530 unit,
374 2471 404 2517 ut
423 2467 452 2516 in
470 2483 568 2517 nomen
586 2469 694 2518 illorum
711 2469 841 2518 darentur
860 2470 901 2519 vel
920 2469 952 2518 ab
970 2470 1035 2532 ipsis
1053 2469 1214 2531 auctoribuS,
1234 2469 1276 2517 vel
1292 2468 1409 2517 librariis

282 2563 377 2622 loerte,
404 2573 436 2607 ea
461 2573 548 2622 opera,
567 2573 636 2621 quae
654 2560 692 2609 sio
709 2560 854 2609 lectoribus
872 2561 1053 2610 commendari
1072 2574 1155 2623 posse,
1174 2564 1201 2608 et
1220 2559 1408 2609 auctoritatem

282 2651 415 2708 »nancisci
434 2654 576 2713 putarent:
595 2651 662 2701 illud
680 2651 715 2700 M.
732 2652 818 2700 Tullio
837 2653 918 2701 etiam
935 2653 1068 2715 accidisse,
1086 2655 1194 2715 propter
1204 2651 1347 2700 maximam
1357 2651 1409 2698 viri

281 2742 449 2804 »opinionem
476 2756 529 2791 non
556 2742 710 2791 mirandum
736 2747 784 2792 est.
810 2743 848 2792 Ao
873 2743 956 2793 libros
982 2743 1091 2805 quidem
1116 2743 1147 2791 ad
1173 2742 1340 2791 Herennium
1358 2755 1406 2789 sua

280 2832 494 2882 »commendasse
522 2834 683 2896 praestantia
708 2834 823 2898 videtur,
848 2835 918 2897 quod
937 2849 1004 2897 opus
1021 2838 1077 2883 tam
1095 2834 1208 2897 elegam,
1230 2837 1287 2881 tam
1305 2831 1408 2894 perfee-

282 2928 356 2972 »tum
384 2924 425 2972 vix
452 2924 485 2973 ab
511 2925 562 2974 alio
580 2924 712 2987 proficisci
742 2925 868 2988 potuisse,
894 2925 1016 2974 homines
1045 2928 1179 2987 putarent.
1197 2923 1409 2974 Declamationes

282 3019 441 3078 »antequam
466 3017 517 3064 iret
542 3016 571 3065 in
590 3016 707 3078 exilium,
726 3020 752 3064 et
770 3017 799 3064 in
817 3014 975 3065 Sallustium
993 3015 1133 3078 invectiva,
1153 3015 1243 3064 statim
1262 3013 1311 3062 sub
1329 3027 1409 3061 rena-

278 3111 334 3156 ›itas
362 3107 453 3157 literas
479 3107 583 3171 agnitae
610 3111 636 3156 et
663 3107 819 3171 damnalltae
845 3111 917 3156 sunt.
942 3107 1021 3155 Liber
1038 3107 1070 3155 de
1090 3106 1172 3170 gloria
1191 3106 1233 3154 vix
1252 3107 1405 3166 emerserat,

279 3213 358 3248 >icum
383 3213 431 3248 suo
458 3198 560 3249 auctori
584 3203 624 3247 est
643 3199 796 3249 redonatus.
813 3199 850 3247 De
870 3198 988 3261 epistolis
1005 3198 1036 3246 ad
1056 3197 1172 3247 Brutum
1188 3195 1406 3260 longioriahula,

278 3291 437 3354 »disputatio
455 3291 607 3353 impeditior
625 3291 681 3340 est”
700 3306 758 3354 eq.
769 3306 789 3339 S.

712 3404 827 3468 Gusurn,
847 3405 899 3455 Cio.
916 3405 1012 3455 Restit.
1030 3405 1118 3454 linit.
1137 3403 1248 3468 (Comm.
1266 3402 1321 3453 Soc.
1342 3402 1407 3466 Reg.

744 3494 784 3546 Sc.
803 3495 1011 3547 Gott.1111753
1030 3511 1054 3559 p.
1073 3495 1122 3544 225
1142 3495 1201 3560 sq.).
