3274 5192
769 607 808 668 19

222 793 322 856 tentia
345 793 395 857 vel
418 793 579 876 proposito
603 796 746 857 avertere
769 792 932 876 aliquem'’
953 792 1136 858 aCicerone
1148 792 1187 857 de
1199 794 1345 876 personis

220 911 346 971 tantum
382 907 526 973 adhiberi
562 912 662 991 putat,
696 909 861 991 ignorasse
897 907 1025 971 videtur
1058 908 1146 971 locos
1180 906 1345 971 Tullianos

225 1020 336 1104 quales
361 1025 437 1085 sunt
459 1020 551 1085 Tusc.
576 1021 593 1083 I
618 1021 676 1101 913
703 1021 742 1084 ad
764 1019 851 1084 Fam.
872 1019 902 1082 V
925 1021 976 1103 12,
998 1019 1024 1083 1.
1038 1019 1224 1104 (Hoffmann
1238 1040 1266 1104 p.
1283 1020 1344 1098 15).

266 1154 295 1217 p.
322 1135 362 1196 75
385 1133 489 1219 Negat
512 1136 562 1197 vir
585 1134 614 1197 d.
637 1134 691 1212 (ad
716 1134 734 1215 ξ
760 1135 816 1218 57)
839 1135 1008 1217 ingenium
1034 1135 1140 1218 ipsum
1166 1134 1229 1197 dici
1253 1152 1347 1218 posse

225 1247 448 1331 „praestans’';
472 1250 506 1311 in
530 1249 677 1312 homines
701 1250 798 1330 enirn,
821 1249 950 1332 ingenio
975 1248 1143 1331 praeditos,
1166 1248 1346 1332 potiushoc

223 1363 394 1427 convenire
428 1363 597 1446 epitheton.
632 1364 677 1426 At
711 1380 768 1445 pro
804 1361 871 1445 Lig.
907 1362 926 1443 ξ
963 1363 979 1424 l
1017 1362 1173 1445 legimus:
1212 1361 1346 1443 „Pansa

222 1479 395 1558 praestanti
420 1477 470 1539 vir
492 1475 654 1560 ingeni0”,
680 1476 718 1540 de
739 1475 793 1539 fin.
817 1475 911 1538 1116
935 1476 1100 1562 „homines
1112 1477 1346 1559 praestantissi-

223 1590 283 1653 mis
306 1588 475 1674 ingeniis’'.
498 1589 566 1653 Etc.
590 1594 647 1653 etc.

266 1703 354 1768 Nihil
377 1706 441 1768 iam
466 1704 571 1768 obstat
593 1706 715 1787 opinor,
740 1707 914 1787 quominus
938 1723 979 1769 ex
1003 1706 1103 1768 animi
1123 1705 1344 1769 sententiaad·

223 1820 400 1882 sentiamur
432 1817 628 1881 Hoffmanno
664 1817 720 1882 ubi
753 1818 829 1881 dicit
852 1821 892 1901 (p.
919 1819 990 1902 18);
1019 1817 1345 1899 ,Meerdervoortium

223 1937 407 2016 susceptum
444 1952 525 2015 opus
559 1933 643 1996 male
674 1933 869 1997 sustinuisse
896 1936 992 2017 atque
1016 1934 1096 1996 nihil
1119 1933 1251 1997 omnino
1273 1953 1345 2016 pro-

219 2045 343 2127 fecisse,
376 2047 432 2110 sed
464 2046 550 2130 quod
576 2046 721 2110 doctrina
744 2052 776 2109 et
798 2047 929 2130 ingenio
953 2066 1017 2109 non
1042 2047 1190 2129 potuerit,
1212 2046 1346 2109 audacia

221 2164 252 2223 61
274 2160 452 2224 temeritate
475 2178 682 2244 compensare
705 2163 855 2224 conatum
880 2158 981 2224 esse.’'

263 2381 377 2465 Neque
402 2401 477 2446 vero
500 2382 601 2447 multo
625 2383 755 2447 maioris
774 2387 822 2447 est
834 2383 928 2466 pretii
941 2384 1043 2466 ipsius
1065 2382 1319 2447 Hoffmann
1333 2385 1345 2446 i

220 2495 349 2561 libellus
373 2499 426 2560 cui
446 2503 495 2561 est
509 2498 585 2562 haec
597 2499 630 2561 in
643 2497 747 2562 fronte
759 2498 942 2581 inscriptio:
960 2496 1027 2578 ,De
1039 2497 1101 2562 fide
1113 2501 1144 2562 et
1156 2500 1345 2563 auctoritate

221 2611 373 2674 orationis
409 2610 635 2675 Ciceronianae
671 2630 753 2696 quae
782 2611 970 2675 inscribitur
1001 2612 1040 2675 de
1063 2611 1128 2675 har.
1150 2630 1231 2695 resp.
1254 2611 1345 2696 Burg

223 2724 338 2788 1878.”
364 2723 427 2800 Qut
450 2727 501 2789 vir
524 2726 563 2807 d.‚
585 2731 753 2808 postquam
779 2724 840 2789 sibi
863 2726 1022 2808 persuasit
1046 2744 1083 2789 ea
1105 2726 1241 2789 crimina
1261 2745 1344 2809 quae

221 2838 418 2903 intenderint
440 2838 577 2903 Wolfius
602 2844 633 2902 et
656 2837 874 2912 Marklandus‚
896 2838 1084 2922 iampridem
1108 2857 1179 2903 esse
1202 2838 1303 2902 diluta
1326 2859 1345 2901 a

221 2950 362 3017 Gesnero
396 2951 668 3036 Lahmeyeroque,
704 2952 742 3017 de
773 2954 813 3016 iis
843 2957 971 3016 tantum
995 2952 1123 3016 disserit
1146 2954 1344 3036 argumentis

221 3085 302 3148 quae
336 3085 378 3130 ex
412 3067 548 3150 propriis
583 3067 747 3130 doctrinae
777 3066 878 3150 copiis
913 3066 1152 3149 deprompserat
1186 3065 1344 3146 Meerder-

222 3181 375 3263 voortius,
415 3182 509 3244 cuius
551 3180 727 3264 permultas
761 3180 925 3263 redarguit
960 3199 1060 3243 vanas
1095 3180 1344 3260 criminationes,

223 3293 339 3358 multos
374 3295 576 3378 reprehendit
611 3287 742 3376 errores,
778 3293 863 3357 haud
894 3311 996 3377 pauca
1026 3293 1146 3356 indicat
1172 3293 1344 3374 mendacia,

222 3409 401 3492 complures
436 3409 576 3492 denique
598 3407 715 3471 refutat
739 3409 880 3490 argutias
904 3410 1001 3490 atque
1025 3405 1217 3470 subtilitates
1243 3425 1345 3470 arces·

221 3521 305 3585 sitas.
340 3522 379 3585 Id
414 3521 500 3605 quod
525 3558 565 3567 —
591 3520 630 3584 ob
665 3521 841 3585 adversarii
870 3539 985 3604 nempe
1015 3520 1179 3584 levitatem
1204 3558 1246 3567 -
1269 3521 1345 3584 facit

220 3640 251 3697 et
273 3637 435 3718 aptissime
459 3639 490 3698 61
510 3635 765 3718 promptissime;
791 3640 821 3698 at
844 3633 900 3698 ubi
923 3636 1052 3718 proprio
1078 3639 1177 3697 marte
1189 3634 1345 3698 nonnulla

220 3749 344 3831 profert,
378 3751 412 3812 in
448 3750 545 3812 miras
581 3748 736 3832 quasdam
771 3749 822 3811 hic
845 3748 911 3811 illic
936 3747 1095 3812 delabitur
1118 3749 1271 3831 ineptias3
1297 3749 1344 3834 sip

220 3864 301 3926 serio
337 3863 509 3945 contendit,
544 3881 655 3928 revera
691 3862 875 3927 Ciceronem
912 3880 982 3926 esse
1017 3862 1171 3925 orationis
1206 3861 1245 3925 de
1277 3861 1342 3924 har.

220 3994 300 4060 resp.
326 3996 408 4060 quae
432 3977 471 4041 ad
495 3996 554 4040 nos
577 3977 757 4060 pervenerit
780 3979 955 4057 auctorem,
975 3975 1128 4057 quoniam
1150 3974 1343 4038 declamator

222 4094 414 4172 ,maximam
437 4096 559 4176 partein
584 4109 694 4155 earum
718 4109 834 4164 rerum,
858 4088 978 4173 quibus
1001 4090 1107 4152 iure
1131 4087 1242 4152 offensi
1266 4091 1343 4152 sunt

219 4205 401 4287 adversarii,
428 4225 493 4269 non
517 4205 740 4285 commisisset,
763 4203 819 4268 sed
843 4203 876 4265 in
901 4204 1133 4286 compositione
1156 4204 1343 4284 accuratior,

220 4319 253 4381 in
277 4318 452 4384 referendis
475 4317 572 4384 rebus
596 4323 627 4383 et
649 4318 741 4382 factis
765 4317 932 4400 copiosior,
953 4317 988 4378 in
1013 4316 1193 4381 elocutione
1216 4316 1342 4400 elegan-
