3274 5192
873 652 915 712 28

327 836 422 918 1896,
456 841 553 921 atque
572 837 616 901 ita
637 837 767 920 quidem
791 842 828 901 ut
850 836 953 920 prima
976 836 1036 899 hao
1059 837 1141 900 serie
1165 838 1204 920 (p.
1230 837 1373 918 28-36)
1397 857 1452 902 eas

321 956 510 1034 pertractem
546 950 797 1032 emendationes,
833 969 913 1033 quas
949 950 982 1011 in
1018 954 1205 1013 contentum
1244 951 1361 1032 recepit
1398 951 1448 1013 vol

323 1064 500 1148 Kayserus,
525 1066 574 1130 vel
599 1064 783 1148 Muelleruq
808 1065 857 1130 vel
882 1069 1027 1147 uterque.

632 1351 657 1414 Ι.
682 1350 758 1416 Post
781 1351 930 1416 Raditum
954 1351 988 1414 in
1013 1349 1141 1417 Senatu.

369 1528 388 1608 ξ
413 1529 433 1588 4
460 1528 549 1610 ,lege
562 1575 587 1590 ..
603 1575 628 1590 ..
654 1547 710 1611 qu
722 1547 741 1590 a
754 1547 784 1589 m
810 1546 901 1591 meus
913 1528 1065 1591 inimicus
1078 1525 1314 1610 promulgavit”
1335 1524 1447 1590 Lam-

324 1640 400 1703 bin
416 1659 485 1720 us,
510 1640 586 1703 olim
614 1639 767 1723 ,quum”.

369 1751 483 1816 ibid.
522 1755 570 1835 ,si
601 1773 677 1818 oum
701 1755 889 1819 hostes...
919 1773 977 1837 ego
1002 1773 1066 1817 non
1091 1753 1315 1819 revertissem”
1339 1753 1447 1818 Wol-

319 1863 436 1946 fius,
463 1867 554 1931 codd.
582 1870 630 1949 ,si
655 1873 710 1932 aut
733 1869 922 1933 hostes...
947 1874 1004 1933 aut
1027 1867 1116 1952 ego.’'

368 1979 387 2060 ξ
412 1980 452 2042 13
476 1986 559 2045 extr.
587 1981 690 2063 ,Nam
713 1982 767 2046 ille
790 1984 949 2048 alter....
972 1980 1185 2062 liberalitas”;
1208 1983 1243 2044 in
1267 1982 1447 2045 recentiori-

323 2094 385 2158 bus
426 2094 495 2159 edd.
538 2094 637 2160 Lam
653 2095 753 2160 bini
795 2097 912 2181 legitur
955 2098 1082 2180 egregia
1116 2097 1179 2159 loci
1214 2095 1446 2178 corruptissimi

324 2208 516 2274 emendatio.
579 2201 581 2205 ’

370 2319 437 2384 ἀντὶ
461 2326 513 2386 τοῦ
539 2324 608 2406 ,vis
631 2324 780 2389 consilii''
804 2326 970 2408 ingeniose
995 2323 1027 2387 M
1041 2345 1062 2388 u
1077 2323 1199 2388 eller
1226 2324 1327 2405 ,iuris
1347 2321 1449 2385 civilis

326 2436 527 2519 prudentia.'’

372 2550 390 2631 ᾗ
417 2551 456 2613 15
482 2553 571 2631 ,isne
595 2570 791 2634 quenquam,
815 2570 866 2615 mo
890 2551 1020 2634 quidem
1034 2550 1120 2615 non”
1133 2552 1191 2632 (sio
1204 2551 1303 2616 edidit
1314 2550 1448 2633 Kayser)

325 2663 478 2748 Ieepii
502 2670 550 2729 est
573 2665 752 2730 emendatio
776 2666 837 2728 loci
860 2666 1067 2746 conclamati3
1093 2666 1208 2730 melius
1229 2664 1448 2730 Mueller:

329 2780 376 2859 ,is
401 2796 604 2861 nequaquam
625 2797 675 2842 me
700 2779 829 2861 quidem
843 2825 851 2841 .
865 2827 871 2841 .
885 2827 912 2841 ..
939 2777 1092 2861 decepit.'’
1116 2778 1217 2862 sseep:
1242 2777 1449 2862 ,deoopit?’').

326 2889 394 2953 Iam
430 2889 606 2955 Lambinus
640 2896 671 2956 et
707 2891 863 2957 Graevius
896 2893 947 2956 hio
971 2891 1156 2973 haeserant3
1181 2894 1319 2975 pessime
1341 2891 1447 2956 Wol-

327 3004 342 3066 f
351 3005 441 3068 ius:
469 3006 516 3086 „is
541 3024 590 3069 mo
614 3027 799 3090 quanquam
824 3026 874 3071 me
899 3008 1029 3090 quidem
1054 3006 1151 3070 nou.'’

370 3119 389 3200 ξ
414 3119 454 3180 21
487 3120 569 3200 ,iam
594 3126 772 3184 ceterorum
797 3119 901 3184 officia
926 3119 1056 3204 [studia]
1082 3118 1228 3184 vidistis'’
1252 3119 1447 3201 Kayser;

330 3235 411 3313 „iam
436 3238 612 3297 ceterorum
638 3233 742 3297 officia
767 3237 887 3314 <ao>
913 3235 1021 3299 studia
1044 3233 1129 3298 Hal
1144 3255 1173 3297 m
1199 3235 1316 3297 lenius.

371 3347 457 3427 §35
495 3348 571 3430 ,qui
606 3350 633 3411 si
671 3349 748 3411 mihi
783 3353 932 3431 quaestor
957 3347 1163 3432 [imperatori]
1189 3347 1314 3430 fuisset,
1334 3348 1368 3409 in
1390 3345 1445 3408 filii

327 3460 397 3522 loeo
420 3459 542 3542 fuisset,
565 3480 654 3524 nuno
677 3467 760 3525 certe
783 3463 844 3525 erit
866 3463 899 3524 in
920 3463 1061 3545 parentis
1082 3461 1168 3546 [oum
1189 3459 1287 3524 fuerit
1301 3464 1448 3543 quaestor

328 3592 392 3636 non
416 3575 549 3657 imperii,
573 3575 629 3639 sed
649 3574 767 3638 doloris
788 3573 884 3658 mei]''
907 3574 1197 3638 Garatonius
1220 3574 1448 3638 violentissime

330 3707 514 3770 quanquam
539 3707 603 3751 non
627 3687 710 3751 male
733 3687 820 3770 quod
843 3687 883 3751 ad
908 3707 1050 3752 sensum.

372 3799 420 3864 De
453 3801 512 3864 hoo
546 3801 616 3864 loco
652 3800 689 3864 of.
725 3799 837 3864 Markl.
873 3822 901 3884 p.
937 3802 1002 3864 254
1015 3821 1093 3885 sqq,
1119 3820 1215 3885 quem
1245 3819 1309 3863 non
1334 3799 1449 3863 refutat

328 3913 450 3979 Gesner
475 3935 503 3998 p.
529 3915 601 3978 241.

370 4029 389 4109 ξ
414 4028 455 4091 36
482 4028 563 4109 „Sed
587 4032 684 4094 etiam
708 4029 857 4093 binorum
880 4031 914 4092 in
938 4049 1006 4093 rem
1020 4050 1047 4112 p.
1061 4026 1313 4093 beneficiorum”
1338 4025 1447 4090 Mad-

329 4144 413 4225 vig,
437 4143 518 4205 Adv.
543 4142 576 4205 II
600 4145 680 4221 2133
705 4143 795 4206 codd.
816 4143 1007 4206 divinorum.

374 4256 457 4336 §37
484 4257 670 4336 ....„vitae
704 4262 735 4319 et
771 4257 881 4318 mortis
916 4254 1106 4338 deposcere”
1138 4252 1335 4337 Madvig,
1367 4252 1447 4315 Adv.

328 4369 466 4449 112143
492 4370 581 4433 codd.
605 4368 796 4452 deposceret.
