3288 5186
723 658 869 737 47,

176 844 255 906 mihi
296 845 422 908 videtur
457 845 596 910 sensisse
632 865 728 929 quam
763 845 860 909 exilia
894 845 972 909 haee
1009 849 1131 927 essent,
1164 844 1302 929 ideoque

176 958 338 1023 addidisse
368 959 503 1024 verbum
527 979 602 1025 vere
624 960 807 1024 Tullianum
835 957 1031 1042 „videmini”
1051 958 1111 1023 sub
1136 978 1200 1042 quo
1224 964 1304 1024 tam-

178 1092 275 1155 quam
300 1078 392 1137 scuto
413 1074 532 1138 lateret.

222 1187 240 1268 ς
267 1188 307 1249 12
342 1186 462 1252 Mirum
496 1187 626 1272 praebet
656 1188 855 1272 garrulitatis
878 1189 1096 1272 ineptissimae
1121 1189 1302 1271 specimen:

180 1306 230 1381 ,et
261 1320 336 1366 cum
365 1320 423 1365 vos
446 1307 568 1367 vestem
592 1303 778 1366 mutandam
803 1303 1011 1367 censuissetis
1035 1303 1210 1386 cunctique
1234 1322 1303 1365 mu·

176 1416 304 1479 tassetis
339 1420 436 1500 atque
469 1416 552 1481 idem
590 1435 701 1481 omnes
737 1415 812 1480 boni
847 1418 911 1479 iam
947 1420 1021 1480 ante
1054 1415 1215 1496 fecissent,
1250 1415 1304 1480 ille

178 1531 353 1612 unguentis
377 1529 506 1612 oblitus,
529 1550 603 1594 cum
628 1535 701 1614 toga
721 1535 893 1614 praetexta,
907 1550 1004 1613 quam
1019 1549 1129 1595 omnes
1142 1534 1305 1614 praetores

176 1643 360 1726 aedilesque
382 1649 451 1708 tum
476 1642 760 1708 abiecerunt'’....
784 1643 823 1707 cf.
847 1643 959 1706 Markl.
983 1663 1013 1727 p.
1037 1644 1110 1706 246.

221 1757 240 1838 ἕ
264 1758 306 1819 25
332 1757 386 1839 „P.
411 1756 578 1838 Servilius,
601 1760 650 1821 vir
673 1777 746 1822 oum
772 1759 970 1822 clarissimus
990 1763 1080 1822 tum
1107 1777 1214 1823 vero
1239 1778 1303 1842 op·

176 1872 255 1934 tim
270 1891 319 1936 us
344 1873 487 1956 mihique
510 1871 757 1938 amicissimus''.

219 1984 237 2067 ἕ
262 1985 303 2048 30
341 1985 462 2067 ,Vobis
486 2005 571 2070 vero,
594 1993 699 2070 patres
723 1987 905 2070 conscripti,
929 1987 1067 2070 singulis
1090 1991 1121 2050 et
1145 1987 1196 2070 egi
1206 1985 1247 2067 (Ρ)
1273 1991 1305 2050 et

176 2119 267 2182 agam
290 2100 418 2182 gratias.
442 2099 612 2165 Universis
636 2102 686 2184 egi
710 2101 802 2164 initio
824 2106 981 2185 quantum
1003 2087 1114 2185 potui''
1133 2100 1302 2182 (Klotz:
1332 2181 1335 2188 Ι

178 2211 258 2294 ,Die
291 2213 404 2277 Worte
439 2213 512 2278 sind
547 2233 582 2278 so
615 2214 840 2295 rerstandlich,
864 2214 937 2278 dass
962 2234 1036 2277 man
1061 2215 1129 2278 sich
1154 2215 1301 2298 zwingen

175 2345 275 2409 muss,
299 2328 327 2390 si
350 2328 439 2391 nicht
461 2347 502 2390 nu
526 2326 726 2412 verstehen'’,
746 2329 951 2408 rectissimel:
976 2329 1073 2406 „satis
1086 2333 1197 2392 ornate
1209 2346 1302 2411 agere

175 2440 265 2504 nullo
300 2441 394 2505 modo
429 2461 569 2525 possum.
604 2440 646 2505 Et
677 2462 872 2525 quamquam
898 2447 975 2506 sunt
999 2443 1033 2504 in
1059 2460 1108 2506 me
1132 2443 1301 2526 praecipua

175 2557 288 2619 merita
324 2557 508 2639 multorum,
543 2575 625 2640 quae
659 2557 754 2621 silere
785 2557 874 2622 nullo
908 2557 1001 2621 modo
1026 2577 1168 2641 possum,
1192 2562 1299 2622 tamen

174 2669 273 2733 huius
296 2672 448 2753 temporis
471 2689 508 2733 ac
532 2670 656 2733 timoris
681 2669 764 2733 mei”
787 2673 928 2752 (notetur
951 2670 1123 2752 ehiasmus,
1147 2673 1300 2734 coniunc-

174 2788 227 2848 tus
263 2804 338 2848 cum
375 2785 594 2867 alliteratione,
629 2784 842 2848 declamatore
877 2784 1098 2868 dignissimus)
1136 2805 1220 2866 ,non
1252 2792 1301 2850 est

173 2900 282 2962 conari
312 2918 562 2963 commemorare
587 2897 741 2963 beneficia
764 2900 797 2960 in
824 2917 874 2962 me
898 2899 1118 2982 singulorum3
1144 2918 1219 2962 nam
1243 2899 1300 2963 dif-

172 3011 257 3076 ficile
280 3017 328 3077 est
351 3033 416 3076 non
439 3013 589 3097 aliquem,
612 3012 701 3076 nefas
725 3031 920 3096 quemquam
946 3011 1148 3096 praeterire.”
1173 3049 1215 3059 --
1235 3012 1300 3076 No-

173 3131 259 3191 tetur
281 3127 455 3211 garrulitas
479 3126 541 3191 sibi
565 3126 752 3210 obloquens.

217 3240 253 3304 P.
277 3261 301 3304 r.
325 3241 376 3304 ad
408 3239 626 3317 Quirites
658 3242 677 3323 ἕ
702 3243 721 3304 3
747 3239 856 3322 ,Nihil
879 3242 1032 3324 cuiquam
1056 3240 1118 3304 fuit
1143 3242 1298 3324 umquam

172 3355 349 3419 iucundius
383 3375 479 3439 quam
511 3356 588 3419 mihi
621 3373 713 3419 meus
735 3354 852 3419 frater:
876 3374 941 3418 non
965 3359 1029 3418 tam
1053 3354 1086 3417 id
1112 3353 1298 3435 sentiebam,

172 3488 247 3533 oum
271 3469 408 3552 fruebar,
433 3489 529 3553 quam
550 3477 630 3551 tum,
648 3488 721 3533 oum
742 3468 897 3550 carebam,
910 3474 942 3533 et
959 3472 1121 3552 postea
1146 3466 1299 3552 quam''

175 3583 317 3664 (notetur
339 3585 524 3647 coniunctio
548 3602 590 3647 ex
615 3602 689 3647 vero
714 3581 867 3647 Cicerone
879 3583 971 3646 docte
984 3583 1034 3645 hic
1046 3583 1176 3663 inserta)
1200 3601 1300 3663 ,vos
1366 3644 1369 3650 .

174 3697 351 3761 meilli
386 3698 575 3762 etmihi
612 3716 707 3761 eum
742 3694 1068 3761 reddidistis.”

217 3811 236 3893 ξ
263 3811 302 3873 16
341 3809 508 3893 „Quorum
542 3812 768 3895 princeps
805 3811 846 3874 ad
878 3808 1090 3874 cohortandos
1123 3829 1180 3873 vos
1205 3814 1236 3873 et
1259 3811 1299 3873 ad

172 3925 330 4009 rogandos
354 3925 416 4014 fuit
440 3924 495 3989 (in.
519 3924 703 4009 Pompeius,
728 3926 778 3988 vir
801 3925 957 4006 omniurn,
980 3925 1036 4008 qui
1062 3929 1146 4006 sunt,
1158 3923 1299 4008 fuerunt,

172 4044 275 4122 erunt,
300 4040 426 4122 virtute,
450 4040 616 4124 sapientia,
638 4039 740 4124 gloria
763 4040 869 4123 prin
882 4058 899 4102 c
912 4057 929 4103 e
941 4059 961 4123 p
974 4036 1020 4102 s.''

217 4153 278 4219 De
313 4154 442 4218 domo
477 4153 564 4218 Sua
601 4153 813 4236 §2„Vobis
846 4153 1000 4217 hodierno
1025 4151 1076 4216 die
1100 4153 1298 4217 constituen-

175 4269 250 4332 dum
287 4273 335 4333 est
371 4272 480 4332 utrum
515 4268 648 4351 posthac
682 4267 818 4330 amentis
849 4284 889 4328 ao
924 4265 1065 4350 perditos
1091 4267 1297 4350 magistratus

172 4382 391 4468 improborum
427 4400 464 4445 ac
498 4381 725 4446 sceleratorum
757 4381 876 4443 civium
910 4380 1068 4463 praesidio
1103 4381 1225 4445 nudare
1256 4401 1298 4446 an
