3288 5186
766 621 808 683 65

218 802 296 886 (rival
341 807 391 868 τοῦ
436 801 509 892 „oui
550 810 698 890 stuprum
740 804 1009 886 intuleras'')....
1044 807 1154 891 itaque
1189 825 1230 871 ne
1268 808 1342 890 quis

218 937 364 982 meorum
399 920 587 1003 imprudens
617 921 825 1004 introspicere
856 927 945 986 tuam
971 922 1105 1006 domum
1125 923 1227 1006 possit
1251 942 1288 986 ac
1313 928 1345 987 te

217 1051 306 1095 sacra
328 1032 385 1096 illa
407 1037 476 1116 (pro
503 1033 604 1114 „ista”
629 1034 715 1117 quod
738 1039 822 1099 recte
842 1034 1015 1098 collocatur
1038 1039 1057 1113 ὅ
1078 1035 1137 1115 27;
1158 1036 1231 1114 §29
1245 1040 1342 1116 extr,

218 1164 244 1208 c.
277 1147 316 1208 17
341 1152 439 1226 extr.;
465 1151 483 1226 §
507 1149 566 1227 433
591 1152 611 1225 ἓ
634 1147 676 1210 46
701 1146 760 1230 bie,
784 1149 853 1230 etc.)
878 1146 955 1212 tua''
981 1168 1048 1233 eq.
1063 1168 1087 1213 s.
1113 1149 1164 1231 (de
1188 1151 1343 1213 extremis

218 1259 316 1322 buius
339 1260 528 1344 paragraphi
552 1260 659 1325 verbis
683 1261 745 1324 vid.
770 1265 789 1340 5
814 1262 829 1322 l
856 1261 954 1325 huius
979 1263 1112 1345 capitis).

262 1375 281 1450 ἓ
305 1372 345 1434 37
371 1373 410 1437 de
434 1372 599 1437 vocabulis
626 1393 741 1459 „nemo
764 1374 928 1458 neglexit”
953 1375 1015 1439 vid.
1038 1394 1105 1458 cap.
1130 1374 1163 1437 II
1187 1394 1215 1458 p.
1242 1376 1294 1437 41.

262 1487 346 1564 §42
370 1487 413 1550 in.
437 1487 476 1551 de
498 1489 688 1570 pronomine
710 1488 813 1571 ipse
836 1488 874 1551 of.
897 1489 995 1552 huius
1019 1507 1086 1572 cap.
1108 1492 1127 1567 ἓ
1151 1490 1180 1551 4.

261 1598 374 1663 Ibid.
411 1601 518 1687 „quod
554 1601 586 1664 di
617 1620 710 1666 omen
734 1601 871 1665 obruant
881 1601 910 1665 !'’
939 1601 1079 1666 Verbum
1104 1601 1258 1666 sollemne
1282 1602 1342 1681 hac

216 1713 249 1774 in
273 1730 307 1776 re
330 1719 378 1777 est
405 1713 599 1798 „avertere”,
621 1713 703 1778 Mur.
727 1717 779 1797 88,
803 1714 904 1778 Flaoc.
932 1715 1011 1795 1043
1037 1715 1117 1779 Phil.
1142 1713 1342 1795 1113531V

219 1826 276 1906 103
300 1825 351 1890 XI
377 1827 435 1908 ll;
459 1827 528 1891 XII
554 1830 612 1909 143
636 1828 722 1892 XIII
746 1829 782 1909 I;
807 1830 867 1909 413
892 1828 973 1892 XIV
996 1830 1037 1891 26
1063 1835 1120 1892 etc.

259 1939 372 2003 Ibid.
400 1942 453 2027 „in
478 1941 660 2006 domesticis
684 1946 732 2006 est
755 1943 974 2025 germanitatis
995 1943 1115 2026 stupris
1136 1941 1339 2021 volutatus'';

217 2052 279 2115 vid.
305 2072 387 2136 quae
411 2053 573 2137 disputavi
595 2073 662 2138 cap.
686 2053 703 2117 I
726 2075 755 2138 p.
782 2056 822 2117 lb
836 2074 882 2138 sq.

260 2170 279 2245 ἓ
302 2168 349 2228 15
371 2217 387 2253 „
403 2215 428 2230 ..
443 2214 470 2230 ..
494 2187 568 2231 oum
592 2169 627 2231 in
652 2186 702 2232 me
726 2170 920 2252 cognitorem
940 2169 1053 2231 barum
1074 2168 1218 2230 omnium
1232 2186 1339 2230 rerum
1468 2236 1471 2246 ¹

217 2281 271 2344 illa
301 2279 431 2344 flamma
465 2281 594 2344 illorum
625 2287 804 2364 temporum
836 2280 1061 2364 coniciebatur,
1093 2282 1206 2364 excepi
1229 2285 1259 2343 et
1283 2298 1340 2363 pro

217 2397 318 2478 patria
353 2395 442 2459 solus
476 2396 657 2485 exarsi,
692 2397 737 2459 sio
772 2401 887 2478 tamen,
924 2401 959 2459 ut
993 2415 1051 2459 vos
1082 2395 1183 2458 isdem
1207 2393 1339 2478 ignibus

217 2509 441 2592 circumsaepti
476 2527 526 2572 me
561 2509 700 2592 primum
730 2510 874 2572 ictum
905 2528 985 2592 pro
1010 2507 1338 2572 vobisfuman-

216 2625 397 2704 temque
417 2621 596 2706 videretis.”
685 2655 687 2660 .

260 2734 406 2799 Graviter
438 2735 655 2798 insulsissima
691 2735 874 2819 metaphora
909 2737 1110 2818 vituperatur
1141 2735 1252 2798 aviro
1275 2733 1340 2796 cla-

216 2849 342 2912 rissimo
365 2847 599 2922 Hartman.

260 2966 278 3040 θ
313 2963 355 3024 46
403 2962 494 3049 „illos
530 2963 742 3026 homines
777 2963 1030 3045 sapientissimos
1065 2962 1341 3044 gravissimosque

215 3078 321 3159 miror,
352 3077 503 3160 primum,
526 3076 611 3159 quod
638 3094 822 3159 quenquam
847 3075 968 3138 clarum
994 3075 1222 3139 hominem
1245 3080 1342 3157 atque

216 3191 333 3274 optime
375 3190 414 3254 de
451 3168 490 3255 re
525 3210 553 3274 p.
589 3192 738 3254 meritum
771 3191 983 3273 impurissimi
1019 3209 1097 3254 voce
1132 3189 1338 3252 hominis

215 3305 393 3368 violari
415 3304 509 3368 facile
528 3305 704 3388 patiuntur,
731 3303 846 3369 deiude
870 3305 899 3367 si
921 3305 1108 3368 existimant
1130 3303 1247 3386 perditi
1271 3303 1338 3366 ho-

217 3418 356 3482 minis
380 3417 605 3502 profligatique
630 3417 807 3480 maledictis
831 3436 934 3500 posse,
955 3417 989 3480 id
1013 3417 1099 3501 quod
1120 3417 1250 3479 minime
1263 3435 1337 3479 oon-

216 3531 302 3595 ducit
335 3533 424 3616 ipsis,
458 3533 651 3615 cuiusquam
687 3531 821 3615 gloriam
854 3531 1105 3615 dignitatemque
1137 3531 1338 3612 violari,

215 3645 396 3729 postremo”
421 3664 446 3709 e.
461 3665 526 3730 qs.

259 3758 437 3824 Verborum
464 3763 627 3822 structura
649 3757 811 3823 salebrosa
834 3759 1023 3838 admodum
1049 3757 1169 3822 absona
1190 3757 1338 3821 substan·

214 3872 271 3935 tivi
297 3871 478 3958 „hominis”
503 3871 666 3955 repetitio;
691 3870 889 3936 intolerabile
909 3890 984 3935 vero
1008 3869 1189 3957 „violandi”
1203 3868 1338 3933 verbum

215 3985 341 4050 diverso
366 3985 546 4050 adhibitum
567 4004 682 4065 sensu;
702 3987 829 4066 etenim,
842 3990 878 4049 ut
891 3987 934 4049 ait
954 3984 1072 4049 Geso
1085 4003 1102 4048 e
1114 4004 1130 4046 r
1142 4004 1163 4047 u
1177 4004 1192 4048 s
1212 4004 1240 4067 p.
1255 3985 1336 4047 231:

217 4101 269 4185 „in
294 4100 398 4182 priore
421 4099 490 4162 loco
514 4099 701 4161 violare
721 4103 870 4162 conatum
893 4099 1035 4178 notatio
1049 4097 1147 4160 altero
1160 4096 1338 4160 effectum.”

258 4216 276 4291 ᾖ
299 4214 343 4275 49
380 4213 439 4300 „ad
463 4213 623 4296 privatum
648 4211 787 4274 dolorem
803 4259 809 4273 .
894 4210 934 4273 ad
958 4211 1111 4274 rationem
1133 4209 1229 4292 reip.”
1250 4207 1337 4272 Num

212 4323 325 4389 Latine
349 4327 396 4390 sio
418 4327 507 4409 loqui
529 4325 628 4389 licet?
