3288 5186
842 630 881 693 70

291 820 379 880 tanta
399 816 575 881 intercedat
600 815 787 898 similitudo,
810 821 847 880 ut
872 818 928 880 vix
952 836 989 881 ac
1013 835 1054 879 ne
1077 817 1132 879 vix
1158 816 1288 898 quidem
1312 815 1414 898 possi-

201 939 208 954 ·
292 949 364 993 mus
390 929 469 1013 quin
494 931 707 1013 suspicemur,
730 930 782 993 bic
805 929 870 993 illic
894 929 1058 994 studuisse
1081 933 1243 992 auctorem
1267 932 1413 990 nostrum

293 1048 327 1107 ut
361 1043 520 1126 genuinos
554 1043 641 1107 locos
675 1043 839 1107 Tullianos
874 1043 1029 1107 imitando
1065 1044 1266 1126 exprimeret.
1298 1038 1416 1116 Quales

290 1156 352 1219 loci
376 1161 413 1219 ut
436 1175 491 1239 per
514 1174 548 1219 se
571 1157 703 1239 spectati
729 1155 884 1239 nulleque
903 1156 1034 1220 aliunde
1053 1155 1224 1220 accedente
1246 1159 1416 1235 momento,

291 1270 416 1333 minimi
451 1274 528 1333 sunt
563 1271 654 1352 pretii
689 1306 728 1316 -
753 1275 878 1334 constat
901 1271 998 1351 enim,
1025 1271 1210 1353 „proprium
1236 1286 1307 1332 esse
1331 1265 1416 1330 Cice·

291 1384 390 1465 roniS,
412 1387 444 1446 et
466 1383 499 1445 in
524 1382 722 1446 orationibus
747 1387 778 1446 et
801 1385 836 1446 in
856 1382 990 1466 dialogis
1010 1387 1041 1446 et
1061 1383 1096 1444 in
1116 1381 1260 1465 epistolis
1281 1381 1414 1445 eundem

291 1515 384 1581 saepe
409 1499 601 1561 sententiam
629 1496 755 1561 dicere'’
771 1497 793 1576 ¹)
819 1534 859 1543 —
883 1499 927 1560 ita
947 1516 1138 1580 persuasum
1159 1497 1237 1559 mibi
1257 1502 1316 1577 est,
1334 1515 1416 1559 novo

293 1609 432 1694 quodam
470 1610 598 1674 eosdem
632 1603 705 1673 illos
738 1610 827 1674 locos
859 1610 1026 1694 parallelos
1058 1616 1210 1694 tanquam
1235 1609 1416 1673 collustrari

292 1722 416 1786 lumine
439 1723 467 1786 si
490 1723 735 1787 considerentur
758 1743 822 1787 una
847 1743 921 1787 cum
944 1724 985 1788 iis
1006 1725 1093 1788 vitiis
1112 1724 1316 1807 peccatisque
1335 1741 1417 1806 quae

292 1837 326 1899 in
369 1835 633 1920 praecedentibus
670 1836 808 1901 breviter
842 1838 991 1901 indicavi.
1028 1837 1081 1901 Sic
1115 1838 1210 1918 euim,
1245 1841 1415 1920 postquem

293 1949 391 2012 semel
425 1951 565 2033 suspicio
589 1948 683 2014 nobis
706 1956 755 2015 est
778 1957 847 2015 orta
871 1951 910 2015 de
934 1956 1074 2034 quatuor
1098 1957 1278 2014 nostrarum
1303 1952 1417 2014 oratio·

293 2082 371 2125 num
396 2062 494 2144 νοθείᾳ,
515 2065 580 2127 iam
604 2083 668 2126 non
692 2064 766 2127 licet
790 2065 824 2126 in
847 2065 1006 2128 eiusmodi
1030 2064 1186 2147 analogiis
1207 2064 1288 2126 nibil
1312 2063 1418 2126 videre

293 2177 355 2239 nisi
391 2173 678 2240 corroborationem
715 2176 886 2240 verborum
923 2177 1008 2241 docti
1044 2195 1138 2260 quem
1163 2196 1261 2260 supra
1284 2176 1416 2240 laudavi

293 2289 505 2354 Scholiastoe:
531 2310 631 2374 quum
656 2296 767 2354 contra
790 2295 857 2354 tum
884 2291 1014 2354 demum
1034 2291 1147 2372 elucet,
1171 2291 1222 2353 bic
1243 2289 1335 2354 nobis
1349 2307 1418 2353 esse

294 2423 361 2468 rem
397 2422 471 2466 cum
506 2403 874 2467 imitationibus
906 2405 974 2467 sive
1006 2405 1165 2467 institutis
1197 2403 1236 2467 de
1259 2402 1418 2466 industria

297 2517 435 2600 dataque
462 2535 566 2600 opera,
589 2519 657 2581 sive
681 2519 759 2582 ortis
782 2522 945 2601 tamquam
970 2538 1046 2582 casu
1071 2524 1102 2583 et
1125 2517 1266 2598 fortuite,
1290 2517 1418 2582 assidua

296 2630 432 2695 lectione
467 2631 777 2714 diligentissimeque
812 2633 1004 2715 scriptorum
1037 2651 1112 2696 vere
1135 2630 1416 2697 Ciceronianorum

296 2745 410 2808 studio.
435 2744 535 2808 Cuius
559 2746 604 2808 rei
628 2745 774 2829 exempla
797 2747 955 2810 nonnulla
977 2749 1011 2809 in
1032 2745 1243 2830 sequentibus
1261 2745 1418 2826 indicab0‚

296 2864 393 2941 utque
416 2859 449 2922 id
473 2858 603 2941 quidem
623 2861 667 2922 ita
689 2865 724 2922 ut
743 2860 789 2922 rei
809 2878 860 2923 me
880 2859 1071 2923 satisfecisse
1092 2861 1151 2923 sim
1165 2860 1420 2940 existimaturus‚

297 2974 324 3036 si
356 2973 545 3055 praecipuos
576 2970 664 3036 locos
688 2991 730 3036 ex
754 2972 953 3048 orationibus
978 2979 1050 3056 post
1072 2973 1212 3036 reditum
1236 2974 1270 3035 in
1296 2979 1417 3055 senatu,

296 3106 324 3170 p.
338 3105 361 3147 r.
386 3084 425 3147 ad
450 3082 599 3162 Quirites,
622 3091 653 3150 et
677 3087 715 3150 de
738 3087 946 3170 haruspicum
971 3105 1134 3170 responso,
1154 3089 1212 3169 qui
1232 3087 1296 3150 huc
1317 3086 1418 3151 facere

296 3199 474 3279 videantur,
505 3199 716 3278 exhibuerim,
739 3203 963 3284 praetermissa
985 3203 1031 3279 (in
1056 3197 1246 3284 praesentia)
1271 3201 1417 3284 prolixis·

296 3313 377 3376 sima
412 3313 554 3376 oratione
588 3313 627 3377 de
662 3313 772 3393 domo;
810 3315 937 3395 etenim,
972 3314 1053 3377 banc
1088 3332 1218 3397 quoque
1250 3315 1278 3377 si
1310 3313 1417 3377 eodem

295 3428 431 3488 tractare
465 3425 579 3489 vellem
614 3427 746 3506 ratione,
779 3432 810 3490 et
833 3426 943 3492 nullus
964 3427 1062 3490 huius
1087 3427 1313 3510 disputationis
1337 3429 1419 3489 esset

295 3538 379 3619 finis,
414 3545 444 3602 et
479 3539 585 3604 hercle
613 3539 754 3603 laborem
787 3541 981 3624 susciperem
1013 3560 1146 3623 prorsus
1169 3541 1295 3603 irritum
1319 3540 1418 3602 omni-

298 3671 361 3736 que
385 3672 427 3716 ex
449 3659 538 3737 parte
563 3672 851 3738 supervacaneum.

342 3766 520 3832 Veniamus
544 3768 583 3831 ad
606 3768 817 3852 propositum.

608 3905 633 3970 Ι.
678 3904 754 3969 Post
775 3904 909 3969 reditum
932 3905 966 3969 iu
987 3911 1108 3969 senatu.

340 4021 357 4104 b
394 4021 411 4082 1
447 4020 544 4084 frater
575 4021 817 4083 amentissimus
841 4046 888 4060 w
912 4018 992 4083 Sest.
1017 4020 1076 4099 763
1101 4019 1140 4082 ad
1164 4019 1229 4081 Att.
1253 4016 1300 4081 IV
1327 4018 1356 4100 l,
1379 4018 1416 4095 83

296 4131 336 4195 ad
361 4130 517 4207 Quintum
541 4131 578 4194 fr.
600 4131 618 4195 I
641 4134 670 4214 3,
694 4135 732 4212 43
757 4131 846 4196 Catil.
870 4132 918 4195 IV
942 4135 978 4212 33
1004 4134 1043 4198 de
1067 4133 1160 4196 domo
1186 4132 1236 4194 96.

297 4273 445 4284 -ῃ

330 4339 344 4388 1
373 4339 457 4389 Verba
481 4344 543 4390 sunt
571 4340 898 4392 Pseudo-Asconii
917 4342 944 4392 in
963 4342 1060 4393 Actll
1079 4339 1418 4407 Verr.I§7p.1570r.
