3274 5192
740 617 775 676 ll

193 824 290 887 quam
334 822 506 887 excerpere
546 803 656 883 illum3
695 823 791 886 quarn
827 802 1095 886 compendiariam
1132 802 1317 887 disputandi

193 921 278 982 riam
304 920 378 981 iniit
401 924 432 982 et
455 917 517 981 No
531 917 613 982 bbe
637 920 670 981 in
696 918 838 982 editione
862 937 931 981 sna.

237 1031 366 1095 Primus
413 1041 531 1113 antem,
566 1032 622 1114 qui
656 1037 727 1114 post
762 1030 913 1094 Wolfium
951 1033 993 1094 sit
1027 1051 1127 1095 ausus
1161 1031 1318 1114 singulari

192 1150 289 1228 atque
323 1146 448 1228 integro
481 1145 562 1208 libro
586 1152 768 1209 nostrarum
794 1147 973 1209 orationum
998 1147 1160 1229 suscipere
1184 1147 1319 1229 patroci-

193 1261 294 1340 nium,
326 1259 388 1323 fnit
412 1258 663 1324 Savelsius
689 1261 774 1322 1828
798 1258 849 1338 (de
874 1259 1075 1323 vindicandis
1100 1259 1263 1324 Ciceronis
1288 1259 1317 1321 V

193 1373 401 1455 orationibus,
426 1372 554 1453 Colonl.
579 1372 640 1436 Hic
664 1379 770 1437 autem
798 1376 847 1436 vir
866 1374 896 1436 d.
917 1375 977 1436 tria
998 1373 1058 1437 sibi
1072 1374 1318 1438 demonstranda

192 1492 401 1571 proposuerat
433 1490 472 1571 (p.
506 1487 578 1567 Vll:
611 1489 806 1570 primum
832 1507 850 1550 a
875 1486 1026 1551 Cicerone
1049 1507 1160 1551 revera
1185 1489 1318 1571 scriptas

193 1620 263 1666 esse
299 1603 459 1666 orationes
491 1602 529 1665 de
560 1602 757 1684 argumentis
781 1620 864 1684 quae
887 1601 1005 1664 nostris
1029 1600 1226 1664 orationibus
1249 1619 1318 1684 per·

193 1719 387 1796 tractentur,
424 1715 625 1779 alterum
662 1715 738 1779 inde
772 1735 790 1778 a
823 1714 985 1779 Ciceronis
1017 1719 1118 1780 aetate
1151 1734 1254 1799 usque
1278 1716 1318 1779 ad

193 1829 352 1893 Prisciani
375 1835 519 1913 tempora
543 1835 725 1893 constanter
748 1828 787 1892 ab
811 1829 962 1893 omnibus
985 1830 1111 1893 easdem
1137 1849 1218 1913 quas
1232 1850 1318 1894 nunc

194 1942 378 2025 habeamus,
400 1944 560 2007 orationes
584 1962 640 2026 pro
665 1941 883 2006 Ciceronianis
907 1943 1030 2006 habitas
1054 1949 1151 2026 atque
1174 1944 1319 2008 laudatas

194 2054 273 2140 esse,
296 2059 491 2122 tertium
517 2060 550 2120 in
575 2059 654 2140 ipsis
678 2057 876 2121 orationibus
900 2058 981 2121 nihil
1004 2060 1110 2123 inesse
1133 2058 1220 2140 quod
1232 2057 1318 2122 Cice

194 2190 271 2235 rone
307 2174 348 2236 sit
384 2171 563 2255 indignum.
586 2209 630 2217 —
654 2172 692 2235 In
728 2173 778 2236 his
802 2174 916 2256 repetit
938 2172 1004 2236 fere
1028 2176 1217 2256 argumenta
1241 2171 1319 2236 Ges-

194 2288 335 2349 neriana.
370 2285 408 2348 In
444 2286 583 2370 singulis
619 2293 726 2351 autem
762 2286 840 2350 locis
876 2286 1101 2370 percensendis
1135 2289 1180 2351 ita
1204 2286 1319 2351 deinde

195 2405 349 2481 versatur,
384 2405 419 2464 ut
452 2418 507 2464 eos
541 2404 666 2463 tantum
702 2403 815 2464 tractet
839 2403 878 2484 (p.
901 2399 997 2480 XXI)
1018 2401 1074 2483 qui
1097 2420 1115 2463 a
1139 2399 1257 2464 Beckio
1284 2406 1320 2464 ut

193 2515 394 2578 vitiosissimi
417 2515 518 2577 notati
541 2515 614 2578 sint.
639 2512 724 2576 Hinc
747 2532 822 2577 vero
846 2513 975 2595 factum,
1000 2519 1036 2577 ut
1055 2532 1230 2597 perpaucas
1251 2518 1320 2576 tan·

195 2629 361 2692 tummodo
386 2628 541 2711 quasdam
565 2629 599 2691 in
625 2647 761 2692 examen
784 2634 877 2692 vocet
899 2628 986 2692 locos
1010 2647 1130 2711 eosque
1154 2628 1319 2711 haudqua-

195 2764 291 2826 quam
335 2745 525 2827 praecipuae
561 2743 772 2824 dilficultatis3
812 2744 898 2827 quod
934 2750 1039 2808 autem
1076 2743 1238 2827 pollicitus
1273 2737 1320 2807 est

194 2860 235 2941 (p.
267 2856 362 2938 XXI)
386 2856 474 2921 brevi
498 2863 641 2941 tempore
664 2859 911 2921 commentarios
935 2861 968 2919 in
993 2856 1138 2940 singulas
1161 2858 1320 2921 orationes

196 2991 256 3035 sna
279 2990 374 3054 opera
397 2970 589 3054 prodituros,
612 2973 646 3034 in
671 2971 790 3055 quibus
815 2990 856 3035 ne
880 2972 1070 3035 tenuissima
1093 2971 1222 3054 quidem
1249 2991 1320 3036 sus·

196 3086 278 3168 picio
314 3085 456 3169 neglecta
490 3092 583 3167 esset,
615 3086 675 3149 hoc
708 3087 865 3169 promisso
897 3105 961 3148 non
986 3087 1074 3149 stetit
1097 3087 1147 3148 vir
1171 3085 1284 3150 doctus
1298 3090 1319 3164 ll

195 3198 320 3284 (Edidit
355 3201 440 3264 enim
475 3201 649 3264 orationem
685 3204 811 3264 tantum
836 3206 907 3283 post
931 3200 994 3264 red.
1019 3202 1051 3262 in
1076 3200 1197 3265 Senatu
1224 3202 1321 3283 1830,

196 3331 293 3394 qnam
319 3332 503 3396 comparare
527 3314 605 3376 mihi
629 3333 693 3376 non
718 3314 830 3397 potui).

241 3424 555 3490 Drumannum
580 3427 696 3492 deinde
722 3428 806 3490 1835
831 3427 954 3508 (Cesch.
977 3426 1075 3491 Roms
1098 3427 1319 3511 11p.331;v

195 3562 223 3624 p.
259 3541 446 3621 471-474)
479 3561 580 3624 quum
605 3559 642 3604 ea
665 3541 731 3605 fere
755 3542 892 3625 proferat
915 3547 1105 3625 argumenta
1129 3561 1211 3625 quae
1234 3541 1320 3625 apud

195 3656 386 3738 posteriores
423 3674 553 3738 quoque
588 3657 722 3740 originis
752 3655 915 3720 Tullianae
938 3656 1120 3721 defensores
1146 3661 1322 3740 recurrant,

196 3771 324 3832 numeri
357 3775 481 3833 tantum
517 3790 613 3834 causa
646 3771 697 3833 hic
727 3772 875 3851 nomin03
901 3771 961 3833 hoc
988 3790 1087 3834 unum
1113 3770 1318 3835 observatum

195 3883 302 3963 velim,
333 3902 395 3946 non
420 3883 520 3948 fuisse
544 3903 625 3967 opus
650 3890 685 3948 ut
708 3888 833 3948 tantum
853 3886 1029 3949 insumeret
1052 3883 1192 3948 laborem
1218 3886 1267 3947 vir
1291 3885 1320 3948 d.

196 3997 236 4060 ad
271 3996 481 4061 refellendum
514 3997 677 4080 Wolfium,
701 4019 802 4081 quum
826 3999 866 4062 ab
889 4000 969 4082 ipsis
993 3999 1184 4062 adversariis
1208 4018 1320 4062 conoe-

226 4268 254 4330 l)
273 4270 310 4318 De
337 4269 464 4319 industria
491 4269 643 4335 Lahmeyeri
662 4286 685 4333 p.
704 4269 727 4333 7,
744 4269 760 4318 2
779 4271 820 4320 hie
839 4276 897 4319 utor
916 4269 1009 4332 verbis,
1027 4285 1059 4319 ne
1076 4269 1118 4319 cui
1138 4270 1223 4320 videar
1240 4271 1322 4320 nimio

196 4360 311 4424 partium
329 4360 414 4410 studio
431 4361 553 4425 abreptus
569 4376 625 4411 esse
642 4361 668 4411 in
688 4362 806 4426 iniquam
824 4377 884 4428 erga
901 4361 1077 4414 adversarium
1096 4362 1263 4415 seutentiam.
