<?xml version="1.0" encoding="UTF-8"?>
<!DOCTYPE html PUBLIC "-//W3C//DTD XHTML 1.0 Transitional//EN"
    "http://www.w3.org/TR/xhtml1/DTD/xhtml1-transitional.dtd">
<html xmlns="http://www.w3.org/1999/xhtml" xml:lang="en" lang="en">
 <head>
  <title>
</title>
<meta http-equiv="Content-Type" content="text/html;charset=utf-8" />
  <meta name='ocr-system' content='tesseract 3.04.00' />
  <meta name='ocr-capabilities' content='ocr_page ocr_carea ocr_par ocr_line ocrx_word'/>
</head>
<body>
  <div class='ocr_page' id='page_1' title='image "./deorationibusqu00leopgoog_0061.png"; bbox 0 0 3274 5192; ppageno 0'>
   <div class='ocr_carea' id='block_1_1' title="bbox 307 801 1431 1229">
    <p class='ocr_par' dir='ltr' id='par_1_1' title="bbox 307 801 1431 1229">
     <span class='ocr_line' id='line_1_1' title="bbox 308 801 1428 888; baseline -0.002 -21"><span class='ocrx_word' id='word_1_1' title='bbox 308 822 374 868; x_wconf 90' lang='lat' dir='ltr'><strong>rem</strong></span> <span class='ocrx_word' id='word_1_2' title='bbox 398 802 606 888; x_wconf 88' lang='lat' dir='ltr'><strong>permovebar</strong></span> <span class='ocrx_word' id='word_1_3' title='bbox 629 823 648 866; x_wconf 89' lang='lat' dir='ltr'><strong>a</strong></span> <span class='ocrx_word' id='word_1_4' title='bbox 671 801 948 867; x_wconf 85' lang='lat' dir='ltr'><strong>Marklando</strong></span> <span class='ocrx_word' id='word_1_5' title='bbox 972 821 1001 886; x_wconf 89' lang='lat' dir='ltr'><strong>p.</strong></span> <span class='ocrx_word' id='word_1_6' title='bbox 1025 802 1089 864; x_wconf 84' lang='grc'><strong>246</strong></span> <span class='ocrx_word' id='word_1_7' title='bbox 1115 802 1171 884; x_wconf 93' lang='lat' dir='ltr'><strong>qui</strong></span> <span class='ocrx_word' id='word_1_8' title='bbox 1184 821 1239 884; x_wconf 90' lang='lat' dir='ltr'><strong>per</strong></span> <span class='ocrx_word' id='word_1_9' title='bbox 1251 801 1428 865; x_wconf 90' lang='lat' dir='ltr'><strong>ludibrium</strong></span> 
     </span>
     <span class='ocr_line' id='line_1_2' title="bbox 308 913 1431 1000; baseline -0.002 -19"><span class='ocrx_word' id='word_1_10' title='bbox 308 919 434 982; x_wconf 81' lang='lat' dir='ltr'><strong>statuit:</strong></span> <span class='ocrx_word' id='word_1_11' title='bbox 474 918 533 998; x_wconf 86' lang='lat' dir='ltr'><strong>„he</strong></span> <span class='ocrx_word' id='word_1_12' title='bbox 568 917 670 1000; x_wconf 84' lang='lat' dir='ltr'><strong>might</strong></span> <span class='ocrx_word' id='word_1_13' title='bbox 705 917 786 980; x_wconf 85' lang='lat' dir='ltr'><strong>have</strong></span> <span class='ocrx_word' id='word_1_14' title='bbox 817 915 919 980; x_wconf 90' lang='lat' dir='ltr'><strong>added</strong></span> <span class='ocrx_word' id='word_1_15' title='bbox 952 916 1004 979; x_wconf 91' lang='lat' dir='ltr'><strong>the</strong></span> <span class='ocrx_word' id='word_1_16' title='bbox 1029 913 1202 991; x_wconf 80' lang='lat' dir='ltr'><strong>Quaestors</strong></span> <span class='ocrx_word' id='word_1_17' title='bbox 1226 913 1319 994; x_wconf 85' lang='lat' dir='ltr'><strong>t00”;</strong></span> <span class='ocrx_word' id='word_1_18' title='bbox 1344 916 1431 980; x_wconf 90' lang='lat' dir='ltr'><strong>huno</strong></span> 
     </span>
     <span class='ocr_line' id='line_1_3' title="bbox 307 1028 1429 1113; baseline -0.004 -17"><span class='ocrx_word' id='word_1_19' title='bbox 307 1033 391 1096; x_wconf 90' lang='lat' dir='ltr'><strong>enim</strong></span> <span class='ocrx_word' id='word_1_20' title='bbox 415 1031 565 1096; x_wconf 88' lang='lat' dir='ltr'><strong>refutavit</strong></span> <span class='ocrx_word' id='word_1_21' title='bbox 590 1029 829 1094; x_wconf 82' lang='lat' dir='ltr'><strong>Gesnerus</strong></span> <span class='ocrx_word' id='word_1_22' title='bbox 853 1050 881 1113; x_wconf 91' lang='lat' dir='ltr'><strong>p.</strong></span> <span class='ocrx_word' id='word_1_23' title='bbox 907 1029 980 1091; x_wconf 77' lang='lat'><strong>237.</strong></span> <span class='ocrx_word' id='word_1_24' title='bbox 1005 1065 1047 1075; x_wconf 95' lang='lat'><em>-</em></span> <span class='ocrx_word' id='word_1_25' title='bbox 1070 1028 1147 1092; x_wconf 83' lang='lat' dir='ltr'><strong>Tota</strong></span> <span class='ocrx_word' id='word_1_26' title='bbox 1159 1030 1318 1093; x_wconf 89' lang='lat' dir='ltr'><strong>sententia</strong></span> <span class='ocrx_word' id='word_1_27' title='bbox 1330 1029 1429 1093; x_wconf 90' lang='lat' dir='ltr'><strong>elum-</strong></span> 
     </span>
     <span class='ocr_line' id='line_1_4' title="bbox 308 1142 1429 1229; baseline -0.001 -21"><span class='ocrx_word' id='word_1_28' title='bbox 308 1143 367 1225; x_wconf 90' lang='lat' dir='ltr'><strong>bis,</strong></span> <span class='ocrx_word' id='word_1_29' title='bbox 401 1146 520 1229; x_wconf 84' lang='lat' dir='ltr'><strong>putida.</strong></span> <span class='ocrx_word' id='word_1_30' title='bbox 554 1146 599 1208; x_wconf 86' lang='lat' dir='ltr'><strong>At</strong></span> <span class='ocrx_word' id='word_1_31' title='bbox 634 1144 781 1208; x_wconf 92' lang='lat' dir='ltr'><strong>nonnihil</strong></span> <span class='ocrx_word' id='word_1_32' title='bbox 818 1145 848 1207; x_wconf 90' lang='lat' dir='ltr'><strong>ei</strong></span> <span class='ocrx_word' id='word_1_33' title='bbox 883 1142 1005 1207; x_wconf 84' lang='lat' dir='ltr'><strong>aceedit</strong></span> <span class='ocrx_word' id='word_1_34' title='bbox 1039 1142 1172 1226; x_wconf 87' lang='lat' dir='ltr'><strong>roboris,</strong></span> <span class='ocrx_word' id='word_1_35' title='bbox 1194 1163 1266 1208; x_wconf 88' lang='lat' dir='ltr'><strong>mea</strong></span> <span class='ocrx_word' id='word_1_36' title='bbox 1290 1143 1429 1208; x_wconf 90' lang='lat' dir='ltr'><strong>adhibita</strong></span> 
     </span>
    </p>
   </div>
   <div class='ocr_carea' id='block_1_2' title="bbox 305 1259 1155 1452">
    <p class='ocr_par' dir='ltr' id='par_1_2' title="bbox 305 1259 1155 1452">
     <span class='ocr_line' id='line_1_5' title="bbox 305 1259 438 1324; baseline -0.015 0"><span class='ocrx_word' id='word_1_37' title='bbox 305 1259 438 1324; x_wconf 88' lang='lat' dir='ltr'><strong>medela.</strong></span> 
     </span>
     <span class='ocr_line' id='line_1_6' title="bbox 585 1370 1155 1452; baseline 0.002 -17"><span class='ocrx_word' id='word_1_38' title='bbox 585 1372 627 1435; x_wconf 91' lang='grc' dir='ltr'><strong>Π.</strong></span> <span class='ocrx_word' id='word_1_39' title='bbox 673 1370 749 1436; x_wconf 85' lang='lat' dir='ltr'><strong>Post</strong></span> <span class='ocrx_word' id='word_1_40' title='bbox 770 1370 919 1435; x_wconf 75' lang='lat' dir='ltr'><strong>Restituto</strong></span> <span class='ocrx_word' id='word_1_41' title='bbox 942 1370 986 1434; x_wconf 83' lang='lat' dir='ltr'><strong>od</strong></span> <span class='ocrx_word' id='word_1_42' title='bbox 1009 1370 1155 1452; x_wconf 73' lang='lat' dir='ltr'><strong><em>Quirites.</em></strong></span> 
     </span>
    </p>
   </div>
   <div class='ocr_carea' id='block_1_3' title="bbox 305 1519 1429 1720">
    <p class='ocr_par' dir='ltr' id='par_1_3' title="bbox 305 1519 1429 1720">
     <span class='ocr_line' id='line_1_7' title="bbox 348 1519 1429 1605; baseline -0.001 -19"><span class='ocrx_word' id='word_1_43' title='bbox 348 1524 367 1605; x_wconf 64' lang='grc' dir='ltr'><strong>ξ</strong></span> <span class='ocrx_word' id='word_1_44' title='bbox 393 1525 433 1586; x_wconf 90' lang='grc'><strong>10</strong></span> <span class='ocrx_word' id='word_1_45' title='bbox 457 1526 501 1587; x_wconf 89' lang='lat' dir='ltr'><strong>in.</strong></span> <span class='ocrx_word' id='word_1_46' title='bbox 528 1521 741 1604; x_wconf 66' lang='lat' dir='ltr'><strong>„Tribunioiis</strong></span> <span class='ocrx_word' id='word_1_47' title='bbox 766 1519 970 1605; x_wconf 86' lang='lat' dir='ltr'><strong>[superiores]</strong></span> <span class='ocrx_word' id='word_1_48' title='bbox 994 1521 1043 1583; x_wconf 90' lang='lat' dir='ltr'><strong>illi</strong></span> <span class='ocrx_word' id='word_1_49' title='bbox 1062 1520 1304 1604; x_wconf 85' lang='lat' dir='ltr'><strong>rogationibus&#39;’</strong></span> <span class='ocrx_word' id='word_1_50' title='bbox 1325 1540 1350 1585; x_wconf 92' lang='lat' dir='ltr'><strong>e.</strong></span> <span class='ocrx_word' id='word_1_51' title='bbox 1365 1542 1393 1604; x_wconf 93' lang='lat' dir='ltr'><strong>q.</strong></span> <span class='ocrx_word' id='word_1_52' title='bbox 1406 1541 1429 1585; x_wconf 90' lang='lat' dir='ltr'><strong>s.</strong></span> 
     </span>
     <span class='ocr_line' id='line_1_8' title="bbox 305 1634 1167 1720; baseline -0.006 -19"><span class='ocrx_word' id='word_1_53' title='bbox 305 1639 375 1701; x_wconf 83' lang='lat' dir='ltr'><strong>coll.</strong></span> <span class='ocrx_word' id='word_1_54' title='bbox 398 1642 417 1717; x_wconf 64' lang='grc' dir='ltr'><strong>ἓ</strong></span> <span class='ocrx_word' id='word_1_55' title='bbox 442 1639 461 1701; x_wconf 91' lang='grc'>9</span> <span class='ocrx_word' id='word_1_56' title='bbox 487 1635 719 1720; x_wconf 87' lang='lat' dir='ltr'><strong>„superiores”.</strong></span> <span class='ocrx_word' id='word_1_57' title='bbox 742 1672 784 1682; x_wconf 90' lang='lat'><em>-</em></span> <span class='ocrx_word' id='word_1_58' title='bbox 811 1635 884 1698; x_wconf 84' lang='lat' dir='ltr'><strong>Vox</strong></span> <span class='ocrx_word' id='word_1_59' title='bbox 910 1634 992 1699; x_wconf 87' lang='lat' dir='ltr'><strong>male</strong></span> <span class='ocrx_word' id='word_1_60' title='bbox 1016 1634 1167 1702; x_wconf 83' lang='lat' dir='ltr'><strong>abundat.</strong></span> 
     </span>
    </p>
   </div>
   <div class='ocr_carea' id='block_1_4' title="bbox 683 1807 1056 1876">
    <p class='ocr_par' dir='ltr' id='par_1_4' title="bbox 683 1807 1056 1876">
     <span class='ocr_line' id='line_1_9' title="bbox 683 1807 1056 1876; baseline 0 -2"><span class='ocrx_word' id='word_1_61' title='bbox 683 1811 742 1874; x_wconf 92' lang='grc' dir='ltr'><strong>ΠΙ.</strong></span> <span class='ocrx_word' id='word_1_62' title='bbox 788 1809 838 1875; x_wconf 89' lang='lat' dir='ltr'><strong>De</strong></span> <span class='ocrx_word' id='word_1_63' title='bbox 861 1807 960 1876; x_wconf 86' lang='lat' dir='ltr'><strong>Domo</strong></span> <span class='ocrx_word' id='word_1_64' title='bbox 985 1811 1056 1874; x_wconf 82' lang='lat' dir='ltr'><strong>Suo.</strong></span> 
     </span>
    </p>
   </div>
   <div class='ocr_carea' id='block_1_5' title="bbox 306 1962 1430 2955">
    <p class='ocr_par' dir='ltr' id='par_1_5' title="bbox 306 1962 1430 2275">
     <span class='ocr_line' id='line_1_10' title="bbox 352 1962 1430 2048; baseline -0.002 -21"><span class='ocrx_word' id='word_1_65' title='bbox 352 1965 436 2046; x_wconf 72' lang='lat'><strong>§42</strong></span> <span class='ocrx_word' id='word_1_66' title='bbox 461 1963 517 2029; x_wconf 85' lang='lat' dir='ltr'><strong>sl.</strong></span> <span class='ocrx_word' id='word_1_67' title='bbox 556 1963 675 2048; x_wconf 84' lang='lat' dir='ltr'><strong>‚‚[quod</strong></span> <span class='ocrx_word' id='word_1_68' title='bbox 710 1963 750 2027; x_wconf 90' lang='lat' dir='ltr'><strong>de</strong></span> <span class='ocrx_word' id='word_1_69' title='bbox 786 1981 837 2026; x_wconf 90' lang='lat' dir='ltr'><strong>me</strong></span> <span class='ocrx_word' id='word_1_70' title='bbox 872 1963 936 2025; x_wconf 81' lang='lat' dir='ltr'><strong>civi</strong></span> <span class='ocrx_word' id='word_1_71' title='bbox 958 1963 1003 2026; x_wconf 87' lang='lat' dir='ltr'><strong>ita</strong></span> <span class='ocrx_word' id='word_1_72' title='bbox 1027 1962 1066 2027; x_wconf 88' lang='lat' dir='ltr'><strong>de</strong></span> <span class='ocrx_word' id='word_1_73' title='bbox 1089 1981 1123 2026; x_wconf 89' lang='lat' dir='ltr'><strong>re</strong></span> <span class='ocrx_word' id='word_1_74' title='bbox 1146 1983 1175 2046; x_wconf 88' lang='lat' dir='ltr'><strong>p.</strong></span> <span class='ocrx_word' id='word_1_75' title='bbox 1202 1964 1430 2026; x_wconf 79' lang='lat' dir='ltr'><strong>meritum...</strong></span> 
     </span>
     <span class='ocr_line' id='line_1_11' title="bbox 306 2074 1428 2161; baseline -0.001 -20"><span class='ocrx_word' id='word_1_76' title='bbox 306 2081 376 2142; x_wconf 90' lang='lat' dir='ltr'><strong>iure</strong></span> <span class='ocrx_word' id='word_1_77' title='bbox 400 2080 503 2161; x_wconf 87' lang='lat' dir='ltr'><strong>egisse</strong></span> <span class='ocrx_word' id='word_1_78' title='bbox 527 2074 717 2160; x_wconf 82' lang='lat' dir='ltr'><strong>dicebant]’&#39;.</strong></span> <span class='ocrx_word' id='word_1_79' title='bbox 742 2074 876 2139; x_wconf 87' lang='lat' dir='ltr'><strong>Librarii</strong></span> <span class='ocrx_word' id='word_1_80' title='bbox 899 2076 1117 2160; x_wconf 79' lang='lat' dir='ltr'><strong>praecedentis</strong></span> <span class='ocrx_word' id='word_1_81' title='bbox 1140 2078 1318 2141; x_wconf 84' lang='lat' dir='ltr'><strong>sententiae</strong></span> <span class='ocrx_word' id='word_1_82' title='bbox 1330 2079 1428 2160; x_wconf 90' lang='lat' dir='ltr'><strong>epito-</strong></span> 
     </span>
     <span class='ocr_line' id='line_1_12' title="bbox 307 2190 696 2275; baseline -0.01 -18"><span class='ocrx_word' id='word_1_83' title='bbox 307 2211 380 2257; x_wconf 92' lang='lat' dir='ltr'><strong>men</strong></span> <span class='ocrx_word' id='word_1_84' title='bbox 405 2194 544 2275; x_wconf 84' lang='lat' dir='ltr'><strong>ineptam</strong></span> <span class='ocrx_word' id='word_1_85' title='bbox 569 2190 696 2254; x_wconf 88' lang='lat' dir='ltr'><strong>inclusi.</strong></span> 
     </span>
    </p>

    <p class='ocr_par' dir='ltr' id='par_1_6' title="bbox 352 2302 1429 2389">
     <span class='ocr_line' id='line_1_13' title="bbox 352 2302 1429 2389; baseline 0.001 -22"><span class='ocrx_word' id='word_1_86' title='bbox 352 2307 370 2388; x_wconf 61' lang='grc' dir='ltr'><strong>ἕ</strong></span> <span class='ocrx_word' id='word_1_87' title='bbox 396 2306 437 2369; x_wconf 80' lang='grc'><strong>78</strong></span> <span class='ocrx_word' id='word_1_88' title='bbox 465 2325 549 2389; x_wconf 84' lang='lat' dir='ltr'><strong>„quo</strong></span> <span class='ocrx_word' id='word_1_89' title='bbox 573 2305 718 2368; x_wconf 88' lang='lat' dir='ltr'><strong>vertendi</strong></span> <span class='ocrx_word' id='word_1_90' title='bbox 743 2304 814 2389; x_wconf 88' lang='lat' dir='ltr'><strong>[hoo</strong></span> <span class='ocrx_word' id='word_1_91' title='bbox 837 2308 884 2368; x_wconf 87' lang='lat' dir='ltr'><strong>est</strong></span> <span class='ocrx_word' id='word_1_92' title='bbox 905 2302 1073 2386; x_wconf 72' lang='lat' dir='ltr'><strong>mutandi]</strong></span> <span class='ocrx_word' id='word_1_93' title='bbox 1088 2303 1429 2369; x_wconf 85' lang='lat' dir='ltr'><strong>solioausavenerat.&#39;&#39;</strong></span> 
     </span>
    </p>

    <p class='ocr_par' dir='ltr' id='par_1_7' title="bbox 351 2418 653 2502">
     <span class='ocr_line' id='line_1_14' title="bbox 351 2418 653 2502; baseline 0.003 -21"><span class='ocrx_word' id='word_1_94' title='bbox 351 2418 463 2483; x_wconf 82' lang='lat' dir='ltr'><strong>Deleri</strong></span> <span class='ocrx_word' id='word_1_95' title='bbox 488 2418 653 2502; x_wconf 90' lang='lat' dir='ltr'><strong>glossema.</strong></span> 
     </span>
    </p>

    <p class='ocr_par' dir='ltr' id='par_1_8' title="bbox 308 2531 1429 2730">
     <span class='ocr_line' id='line_1_15' title="bbox 352 2531 1429 2616; baseline 0.002 -22"><span class='ocrx_word' id='word_1_96' title='bbox 352 2534 370 2615; x_wconf 60' lang='grc' dir='ltr'>ᾗ</span> <span class='ocrx_word' id='word_1_97' title='bbox 397 2534 459 2595; x_wconf 85' lang='grc'><strong>105</strong></span> <span class='ocrx_word' id='word_1_98' title='bbox 485 2533 657 2616; x_wconf 67' lang='lat' dir='ltr'><strong>„Aspicite²</strong></span> <span class='ocrx_word' id='word_1_99' title='bbox 676 2531 852 2615; x_wconf 65' lang='lat' dir='ltr'><strong>pontifices</strong></span> <span class='ocrx_word' id='word_1_100' title='bbox 864 2531 1026 2594; x_wconf 89' lang='lat' dir='ltr'><strong>hominem</strong></span> <span class='ocrx_word' id='word_1_101' title='bbox 1039 2531 1234 2615; x_wconf 85' lang='lat' dir='ltr'><strong>religiosum,</strong></span> <span class='ocrx_word' id='word_1_102' title='bbox 1247 2536 1286 2611; x_wconf 85' lang='lat' dir='ltr'><strong>et,</strong></span> <span class='ocrx_word' id='word_1_103' title='bbox 1301 2533 1328 2596; x_wconf 90' lang='lat' dir='ltr'><strong>si</strong></span> <span class='ocrx_word' id='word_1_104' title='bbox 1341 2531 1429 2596; x_wconf 87' lang='lat' dir='ltr'><strong>vobis</strong></span> 
     </span>
     <span class='ocr_line' id='line_1_16' title="bbox 308 2643 1428 2730; baseline 0.001 -23"><span class='ocrx_word' id='word_1_105' title='bbox 308 2645 444 2726; x_wconf 79' lang='lat' dir='ltr'><strong>videtur,</strong></span> <span class='ocrx_word' id='word_1_106' title='bbox 468 2644 566 2729; x_wconf 91' lang='lat' dir='ltr'><strong>[quod</strong></span> <span class='ocrx_word' id='word_1_107' title='bbox 590 2649 637 2708; x_wconf 90' lang='lat' dir='ltr'><strong>est</strong></span> <span class='ocrx_word' id='word_1_108' title='bbox 661 2643 818 2707; x_wconf 90' lang='lat' dir='ltr'><strong>bonorum</strong></span> <span class='ocrx_word' id='word_1_109' title='bbox 843 2643 1052 2728; x_wconf 72' lang='lat' dir='ltr'><strong>pontificum]</strong></span> <span class='ocrx_word' id='word_1_110' title='bbox 1075 2651 1202 2709; x_wconf 88' lang='lat' dir='ltr'><strong>monete</strong></span> <span class='ocrx_word' id='word_1_111' title='bbox 1215 2645 1311 2709; x_wconf 90' lang='lat' dir='ltr'><strong>eum&#39;’</strong></span> <span class='ocrx_word' id='word_1_112' title='bbox 1324 2666 1349 2711; x_wconf 88' lang='lat' dir='ltr'><strong>e.</strong></span> <span class='ocrx_word' id='word_1_113' title='bbox 1364 2667 1392 2730; x_wconf 93' lang='lat' dir='ltr'><strong>q.</strong></span> <span class='ocrx_word' id='word_1_114' title='bbox 1404 2666 1428 2710; x_wconf 91' lang='lat' dir='ltr'><strong>s.</strong></span> 
     </span>
    </p>

    <p class='ocr_par' dir='ltr' id='par_1_9' title="bbox 351 2758 1209 2840">
     <span class='ocr_line' id='line_1_17' title="bbox 351 2758 1209 2840; baseline 0.001 -19"><span class='ocrx_word' id='word_1_115' title='bbox 351 2758 519 2822; x_wconf 87' lang='lat' dir='ltr'><strong>Insulsum</strong></span> <span class='ocrx_word' id='word_1_116' title='bbox 543 2759 672 2821; x_wconf 89' lang='lat' dir='ltr'><strong>uncinis</strong></span> <span class='ocrx_word' id='word_1_117' title='bbox 695 2759 922 2840; x_wconf 82' lang='lat' dir='ltr'><strong>circumsaepsi</strong></span> <span class='ocrx_word' id='word_1_118' title='bbox 947 2758 1209 2823; x_wconf 88' lang='lat' dir='ltr'><strong>additamentum.</strong></span> 
     </span>
    </p>

    <p class='ocr_par' dir='ltr' id='par_1_10' title="bbox 353 2869 1429 2955">
     <span class='ocr_line' id='line_1_18' title="bbox 353 2869 1429 2955; baseline 0.002 -21"><span class='ocrx_word' id='word_1_119' title='bbox 353 2872 372 2953; x_wconf 62' lang='grc' dir='ltr'>ξ</span> <span class='ocrx_word' id='word_1_120' title='bbox 398 2872 461 2935; x_wconf 88' lang='grc'><strong>109</strong></span> <span class='ocrx_word' id='word_1_121' title='bbox 485 2891 510 2935; x_wconf 90' lang='lat' dir='ltr'><strong>o.</strong></span> <span class='ocrx_word' id='word_1_122' title='bbox 533 2872 575 2933; x_wconf 88' lang='grc'><strong>42</strong></span> <span class='ocrx_word' id='word_1_123' title='bbox 600 2872 642 2934; x_wconf 96' lang='lat' dir='ltr'><strong>in.</strong></span> <span class='ocrx_word' id='word_1_124' title='bbox 681 2869 772 2952; x_wconf 78' lang='lat' dir='ltr'><strong>„Quo</strong></span> <span class='ocrx_word' id='word_1_125' title='bbox 806 2873 906 2955; x_wconf 84' lang='lat' dir='ltr'><strong>magis</strong></span> <span class='ocrx_word' id='word_1_126' title='bbox 931 2877 979 2935; x_wconf 88' lang='lat' dir='ltr'><strong>est</strong></span> <span class='ocrx_word' id='word_1_127' title='bbox 1003 2873 1097 2935; x_wconf 91' lang='lat' dir='ltr'><strong>istius</strong></span> <span class='ocrx_word' id='word_1_128' title='bbox 1119 2871 1209 2936; x_wconf 88' lang='lat' dir='ltr'><strong>furor</strong></span> <span class='ocrx_word' id='word_1_129' title='bbox 1232 2872 1272 2936; x_wconf 89' lang='lat' dir='ltr'><strong>ab</strong></span> <span class='ocrx_word' id='word_1_130' title='bbox 1297 2872 1429 2936; x_wconf 89' lang='lat' dir='ltr'><strong>auribus</strong></span> 
     </span>
    </p>
   </div>
   <div class='ocr_carea' id='block_1_6' title="bbox 307 2985 1429 3635">
    <p class='ocr_par' dir='ltr' id='par_1_11' title="bbox 307 2985 1429 3389">
     <span class='ocr_line' id='line_1_19' title="bbox 308 2985 1429 3071; baseline 0.001 -23"><span class='ocrx_word' id='word_1_131' title='bbox 308 2987 422 3050; x_wconf 87' lang='lat' dir='ltr'><strong>vestris</strong></span> <span class='ocrx_word' id='word_1_132' title='bbox 456 2985 667 3069; x_wconf 80' lang='lat' dir='ltr'><strong>repellendus,</strong></span> <span class='ocrx_word' id='word_1_133' title='bbox 704 2987 761 3069; x_wconf 93' lang='lat' dir='ltr'><strong>qui</strong></span> <span class='ocrx_word' id='word_1_134' title='bbox 798 3004 881 3068; x_wconf 90' lang='lat' dir='ltr'><strong>quae</strong></span> <span class='ocrx_word' id='word_1_135' title='bbox 915 2987 1051 3050; x_wconf 89' lang='lat' dir='ltr'><strong>maiores</strong></span> <span class='ocrx_word' id='word_1_136' title='bbox 1086 2987 1190 3050; x_wconf 87' lang='lat' dir='ltr'><strong>nostri</strong></span> <span class='ocrx_word' id='word_1_137' title='bbox 1221 2985 1429 3071; x_wconf 85' lang='lat' dir='ltr'><strong>religionibus</strong></span> 
     </span>
     <span class='ocr_line' id='line_1_20' title="bbox 307 3097 1428 3185; baseline -0.001 -22"><span class='ocrx_word' id='word_1_138' title='bbox 307 3103 377 3163; x_wconf 85' lang='lat' dir='ltr'><strong>tuta</strong></span> <span class='ocrx_word' id='word_1_139' title='bbox 411 3097 504 3162; x_wconf 90' lang='lat' dir='ltr'><strong>nobis</strong></span> <span class='ocrx_word' id='word_1_140' title='bbox 539 3103 569 3162; x_wconf 91' lang='lat' dir='ltr'><strong>et</strong></span> <span class='ocrx_word' id='word_1_141' title='bbox 603 3106 713 3163; x_wconf 87' lang='lat' dir='ltr'><strong>saneta</strong></span> <span class='ocrx_word' id='word_1_142' title='bbox 748 3117 818 3163; x_wconf 87' lang='lat' dir='ltr'><strong>esse</strong></span> <span class='ocrx_word' id='word_1_143' title='bbox 848 3098 1031 3182; x_wconf 80' lang='lat' dir='ltr'><strong>voluerunt,</strong></span> <span class='ocrx_word' id='word_1_144' title='bbox 1062 3117 1105 3178; x_wconf 59' lang='lat' dir='ltr'><strong>ea,</strong></span> <span class='ocrx_word' id='word_1_145' title='bbox 1129 3099 1212 3185; x_wconf 89' lang='lat' dir='ltr'><strong>[iste]</strong></span> <span class='ocrx_word' id='word_1_146' title='bbox 1237 3119 1302 3163; x_wconf 90' lang='lat' dir='ltr'><strong>non</strong></span> <span class='ocrx_word' id='word_1_147' title='bbox 1327 3100 1428 3164; x_wconf 91' lang='lat' dir='ltr'><strong>solum</strong></span> 
     </span>
     <span class='ocr_line' id='line_1_21' title="bbox 308 3211 1429 3298; baseline 0 -22"><span class='ocrx_word' id='word_1_148' title='bbox 308 3216 419 3276; x_wconf 86' lang='lat' dir='ltr'><strong>eontra</strong></span> <span class='ocrx_word' id='word_1_149' title='bbox 453 3212 638 3295; x_wconf 81' lang='lat' dir='ltr'><strong>religionem</strong></span> <span class='ocrx_word' id='word_1_150' title='bbox 672 3211 882 3294; x_wconf 81' lang='lat' dir='ltr'><strong>labefactavit,</strong></span> <span class='ocrx_word' id='word_1_151' title='bbox 918 3212 973 3276; x_wconf 89' lang='lat' dir='ltr'><strong>sed</strong></span> <span class='ocrx_word' id='word_1_152' title='bbox 1009 3213 1106 3276; x_wconf 90' lang='lat' dir='ltr'><strong>etiam</strong></span> <span class='ocrx_word' id='word_1_153' title='bbox 1142 3214 1244 3297; x_wconf 88' lang='lat' dir='ltr'><strong>ipsius</strong></span> <span class='ocrx_word' id='word_1_154' title='bbox 1269 3215 1429 3298; x_wconf 89' lang='lat' dir='ltr'><strong>religionis</strong></span> 
     </span>
     <span class='ocr_line' id='line_1_22' title="bbox 307 3324 608 3389; baseline 0 -1"><span class='ocrx_word' id='word_1_155' title='bbox 307 3326 439 3389; x_wconf 92' lang='lat' dir='ltr'><strong>nomine</strong></span> <span class='ocrx_word' id='word_1_156' title='bbox 466 3324 608 3389; x_wconf 88' lang='lat' dir='ltr'><strong>evertit”.</strong></span> 
     </span>
    </p>

    <p class='ocr_par' dir='ltr' id='par_1_12' title="bbox 352 3437 1041 3522">
     <span class='ocr_line' id='line_1_23' title="bbox 352 3437 1041 3522; baseline 0.001 -21"><span class='ocrx_word' id='word_1_157' title='bbox 352 3438 533 3502; x_wconf 90' lang='lat' dir='ltr'><strong>Pronomen</strong></span> <span class='ocrx_word' id='word_1_158' title='bbox 560 3437 660 3520; x_wconf 83' lang='lat' dir='ltr'><strong>„iste”</strong></span> <span class='ocrx_word' id='word_1_159' title='bbox 685 3441 875 3503; x_wconf 86' lang='lat' dir='ltr'><strong>sententiam</strong></span> <span class='ocrx_word' id='word_1_160' title='bbox 900 3439 1041 3522; x_wconf 89' lang='lat' dir='ltr'><strong>impedit.</strong></span> 
     </span>
    </p>

    <p class='ocr_par' dir='ltr' id='par_1_13' title="bbox 352 3551 899 3635">
     <span class='ocr_line' id='line_1_24' title="bbox 352 3551 899 3635; baseline 0.002 -21"><span class='ocrx_word' id='word_1_161' title='bbox 352 3551 499 3616; x_wconf 83' lang='lat' dir='ltr'><strong>Fortasse</strong></span> <span class='ocrx_word' id='word_1_162' title='bbox 520 3554 651 3635; x_wconf 88' lang='lat' dir='ltr'><strong>gravius</strong></span> <span class='ocrx_word' id='word_1_163' title='bbox 675 3553 752 3616; x_wconf 89' lang='lat' dir='ltr'><strong>latet</strong></span> <span class='ocrx_word' id='word_1_164' title='bbox 775 3553 899 3616; x_wconf 87' lang='lat' dir='ltr'><strong>vitium.</strong></span> 
     </span>
    </p>
   </div>
   <div class='ocr_carea' id='block_1_7' title="bbox 575 3725 1164 3809">
    <p class='ocr_par' dir='ltr' id='par_1_14' title="bbox 575 3725 1164 3809">
     <span class='ocr_line' id='line_1_25' title="bbox 575 3725 1164 3809; baseline 0.005 -20"><span class='ocrx_word' id='word_1_165' title='bbox 575 3727 631 3790; x_wconf 89' lang='lat' dir='ltr'><strong>IV.</strong></span> <span class='ocrx_word' id='word_1_166' title='bbox 685 3728 733 3790; x_wconf 86' lang='lat' dir='ltr'><strong>Do</strong></span> <span class='ocrx_word' id='word_1_167' title='bbox 755 3725 973 3807; x_wconf 70' lang='lat' dir='ltr'><strong>Haruspicum</strong></span> <span class='ocrx_word' id='word_1_168' title='bbox 997 3727 1164 3809; x_wconf 80' lang='lat' dir='ltr'><strong>Respooso.</strong></span> 
     </span>
    </p>
   </div>
   <div class='ocr_carea' id='block_1_8' title="bbox 287 3878 1430 4422">
    <p class='ocr_par' dir='ltr' id='par_1_15' title="bbox 287 3878 1430 4172">
     <span class='ocr_line' id='line_1_26' title="bbox 351 3878 1430 3964; baseline 0.003 -24"><span class='ocrx_word' id='word_1_169' title='bbox 351 3880 369 3961; x_wconf 63' lang='grc' dir='ltr'><strong>ἕ</strong></span> <span class='ocrx_word' id='word_1_170' title='bbox 395 3881 413 3940; x_wconf 88' lang='grc'>2</span> <span class='ocrx_word' id='word_1_171' title='bbox 449 3878 580 3958; x_wconf 86' lang='lat' dir='ltr'><strong>„Potest</strong></span> <span class='ocrx_word' id='word_1_172' title='bbox 601 3879 804 3962; x_wconf 89' lang='lat' dir='ltr'><strong>gravioribus</strong></span> <span class='ocrx_word' id='word_1_173' title='bbox 826 3900 845 3942; x_wconf 83' lang='lat' dir='ltr'><strong>a</strong></span> <span class='ocrx_word' id='word_1_174' title='bbox 870 3898 920 3944; x_wconf 88' lang='lat' dir='ltr'><strong>me</strong></span> <span class='ocrx_word' id='word_1_175' title='bbox 944 3878 1050 3944; x_wconf 87' lang='lat' dir='ltr'><strong>verbis</strong></span> <span class='ocrx_word' id='word_1_176' title='bbox 1076 3880 1235 3944; x_wconf 87' lang='lat' dir='ltr'><strong>volnerari</strong></span> <span class='ocrx_word' id='word_1_177' title='bbox 1261 3901 1358 3964; x_wconf 91' lang='lat' dir='ltr'><strong>quam</strong></span> <span class='ocrx_word' id='word_1_178' title='bbox 1385 3884 1430 3945; x_wconf 88' lang='lat' dir='ltr'><strong>est</strong></span> 
     </span>
     <span class='ocr_line' id='line_1_27' title="bbox 308 3992 1430 4078; baseline 0 -21"><span class='ocrx_word' id='word_1_179' title='bbox 308 3995 415 4058; x_wconf 88' lang='lat' dir='ltr'><strong>statim</strong></span> <span class='ocrx_word' id='word_1_180' title='bbox 451 3993 496 4078; x_wconf 92' lang='lat' dir='ltr'><strong>[in</strong></span> <span class='ocrx_word' id='word_1_181' title='bbox 531 3992 613 4056; x_wconf 84' lang='lat' dir='ltr'><strong>facto</strong></span> <span class='ocrx_word' id='word_1_182' title='bbox 647 3992 729 4076; x_wconf 89' lang='lat' dir='ltr'><strong>ipso]</strong></span> <span class='ocrx_word' id='word_1_183' title='bbox 762 4014 780 4056; x_wconf 86' lang='lat' dir='ltr'><strong>a</strong></span> <span class='ocrx_word' id='word_1_184' title='bbox 811 3994 1001 4077; x_wconf 86' lang='lat' dir='ltr'><strong>gravissimo</strong></span> <span class='ocrx_word' id='word_1_185' title='bbox 1024 3996 1103 4075; x_wconf 85' lang='lat' dir='ltr'><strong>viro,</strong></span> <span class='ocrx_word' id='word_1_186' title='bbox 1127 3994 1163 4058; x_wconf 91' lang='lat' dir='ltr'><strong>P.</strong></span> <span class='ocrx_word' id='word_1_187' title='bbox 1187 3993 1333 4078; x_wconf 79' lang='lat' dir='ltr'><strong>Servilio,</strong></span> <span class='ocrx_word' id='word_1_188' title='bbox 1357 4014 1430 4058; x_wconf 87' lang='lat' dir='ltr'><strong>oon-</strong></span> 
     </span>
     <span class='ocr_line' id='line_1_28' title="bbox 287 4104 714 4172; baseline 0.009 -7"><span class='ocrx_word' id='word_1_189' title='bbox 287 4108 410 4172; x_wconf 74' lang='lat' dir='ltr'><strong>teotus</strong></span> <span class='ocrx_word' id='word_1_190' title='bbox 433 4127 470 4170; x_wconf 89' lang='lat' dir='ltr'><strong>ao</strong></span> <span class='ocrx_word' id='word_1_191' title='bbox 493 4104 714 4171; x_wconf 83' lang='lat' dir='ltr'><strong>trucidatus?&#39;&#39;</strong></span> 
     </span>
    </p>

    <p class='ocr_par' dir='ltr' id='par_1_16' title="bbox 352 4221 861 4305">
     <span class='ocr_line' id='line_1_29' title="bbox 352 4221 861 4305; baseline 0.006 -22"><span class='ocrx_word' id='word_1_192' title='bbox 352 4221 509 4305; x_wconf 79' lang='lat' dir='ltr'><strong>Expunxi</strong></span> <span class='ocrx_word' id='word_1_193' title='bbox 531 4223 861 4305; x_wconf 88' lang='lat' dir='ltr'><strong>interpretamentum.</strong></span> 
     </span>
    </p>

    <p class='ocr_par' dir='ltr' id='par_1_17' title="bbox 349 4334 1429 4422">
     <span class='ocr_line' id='line_1_30' title="bbox 349 4334 1429 4422; baseline 0.003 -25"><span class='ocrx_word' id='word_1_194' title='bbox 349 4336 369 4416; x_wconf 63' lang='grc' dir='ltr'>ἓ</span> <span class='ocrx_word' id='word_1_195' title='bbox 396 4336 435 4398; x_wconf 83' lang='grc'><strong>14</strong></span> <span class='ocrx_word' id='word_1_196' title='bbox 474 4334 541 4414; x_wconf 77' lang='lat' dir='ltr'><strong>„De</strong></span> <span class='ocrx_word' id='word_1_197' title='bbox 576 4337 635 4400; x_wconf 85' lang='lat' dir='ltr'><strong>hoe</strong></span> <span class='ocrx_word' id='word_1_198' title='bbox 669 4338 767 4421; x_wconf 91' lang='lat' dir='ltr'><strong>igitur</strong></span> <span class='ocrx_word' id='word_1_199' title='bbox 801 4339 872 4400; x_wconf 90' lang='lat' dir='ltr'><strong>loeo</strong></span> <span class='ocrx_word' id='word_1_200' title='bbox 908 4337 1023 4422; x_wconf 83' lang='lat' dir='ltr'><strong>[sacro]</strong></span> <span class='ocrx_word' id='word_1_201' title='bbox 1048 4339 1251 4422; x_wconf 89' lang='lat' dir='ltr'><strong>potissimum</strong></span> <span class='ocrx_word' id='word_1_202' title='bbox 1280 4338 1429 4402; x_wconf 88' lang='lat' dir='ltr'><strong>videntur</strong></span> 
     </span>
    </p>
   </div>
   <div class='ocr_carea' id='block_1_9' title="bbox 0 0 1642 5192">
    <p class='ocr_par' dir='ltr' id='par_1_18' title="bbox 0 0 1642 5192">
     <span class='ocr_line' id='line_1_31' title="bbox 0 0 1642 5192; baseline 0 0"><span class='ocrx_word' id='word_1_203' title='bbox 0 0 1642 5192; x_wconf 95' lang='lat' dir='ltr'><strong> </strong></span> 
     </span>
    </p>
   </div>
  </div>
 </body>
</html>
