3288 5186
901 661 943 723 46

390 848 563 930 d.1but.§
590 849 647 912 13;
687 847 769 930 „Hic
801 847 979 932 quantum’'
1003 851 1060 928 (sic
1085 851 1171 912 enim
1200 849 1371 933 legendum
1398 869 1472 912 cum

351 961 590 1047 Madvigic
621 963 703 1026 Adv.
727 961 777 1025 ΙΙΙ
804 963 877 1043 138)
904 962 1069 1044 ,interfuit
1092 964 1176 1026 inter
1200 981 1250 1026 me
1274 967 1305 1026 et
1328 964 1474 1026 inimicos

350 1077 455 1141 meos!
490 1095 558 1160 ege,
593 1095 667 1140 cum
703 1076 929 1139 homines...
964 1077 1061 1138 armis
1093 1075 1253 1140 decertare
1285 1095 1341 1159 pro
1374 1075 1474 1139 salute

350 1190 440 1253 nolui
464 1190 550 1275 quud
575 1194 606 1254 et
630 1190 757 1254 vincere
780 1194 811 1253 et
835 1191 922 1252 vinci
945 1188 1130 1253 luctuosum
1152 1191 1228 1273 reip.
1248 1189 1315 1253 fore
1335 1187 1473 1273 putavi.'’

351 1303 417 1367 Ubi
440 1309 525 1368 recte
549 1308 682 1367 annotat
704 1302 745 1367 W
758 1323 776 1367 0
789 1303 799 1365 l
812 1302 827 1365 f
838 1304 849 1366 i
863 1324 884 1366 u
898 1323 913 1366 s
927 1325 933 1365 :
962 1309 1052 1387 „post
1076 1303 1253 1366 affectatam
1277 1301 1473 1366 crebritatem

351 1419 584 1482 sententiarum
620 1417 752 1481 mirifice
787 1417 918 1481 offendit
949 1418 1026 1480 haec
1062 1417 1197 1498 exilitas,
1232 1435 1314 1500 quae
1346 1418 1473 1480 minime

351 1534 496 1596 animum
521 1532 629 1616 explet
653 1533 802 1616 suspensi
825 1530 1014 1595 auditoris.”

396 1669 419 1711 e.
446 1646 612 1711 Subsimili
636 1648 758 1710 ratione
781 1645 818 1709 dc
840 1645 909 1709 hur.
933 1665 1013 1725 resp.
1038 1646 1057 1727 ἕ
1083 1646 1142 1708 37;
1170 1646 1376 1728 „haruspices
1400 1646 1474 1708 haec

351 1761 531 1844 loquuntur
554 1780 594 1823 an
618 1761 710 1844 patrii
735 1764 933 1843 penatesque
957 1759 1025 1822 dii?
1051 1759 1143 1822 multi
1168 1760 1253 1822 enim
1275 1759 1474 1840 suntcredo,

351 1877 385 1938 in
421 1894 503 1958 quos
538 1875 636 1938 huius
671 1873 817 1937 maleficii
850 1875 991 1957 suspicio
1023 1873 1125 1937 cadat.
1151 1871 1264 1948 Quis
1287 1878 1474 1956 praeter

351 1989 408 2052 hu
420 2008 473 2052 nc
497 2009 551 2052 un
567 2009 588 2052 u
602 2009 632 2051 m
646 1987 684 2051 ?”
709 1989 814 2052 omnis
839 1989 888 2052 vis
912 1988 1088 2070 lumenque
1112 2007 1205 2050 omne
1226 1987 1310 2071 quod
1324 1989 1358 2049 in
1373 1989 1473 2070 priore

351 2104 450 2167 huius
473 2104 632 2168 enuntiati
655 2109 753 2187 parte,
776 2103 962 2186 praesertim
982 2108 1088 2166 autem
1109 2103 1143 2164 in
1165 2101 1262 2165 verbo
1290 2098 1472 2182 „credo”

351 2220 464 2300 inerat,
487 2221 602 2282 misere
621 2219 839 2301 exstinguitur
849 2223 947 2301 atque
960 2217 1084 2281 deletur
1096 2217 1204 2280 addita
1216 2215 1472 2281 senteutiunculs

355 2329 456 2414 ,Quis
486 2337 610 2415 praeter
640 2331 727 2394 hunc
751 2329 898 2394 unumP”
924 2329 1033 2412 (Hunc
1056 2331 1161 2394 locum
1189 2331 1326 2415 benigne
1351 2349 1472 2394 mecum

352 2447 602 2510 communicavit
622 2466 651 2508 v.
675 2445 711 2508 cl.
736 2443 979 2526 Hartman).

394 2557 520 2643 filttd.
546 2559 564 2640 ᾗ
588 2561 631 2620 44
668 2557 758 2640 „Nisi
794 2578 868 2622 eum
901 2558 1051 2622 mulieres
1084 2562 1274 2622 exornatum
1300 2558 1344 2621 ita
1368 2557 1472 2640 depre-

352 2674 547 2754 hendissent,
579 2674 641 2736 nisi
672 2692 714 2737 ex
738 2691 774 2736 eo
797 2673 877 2754 loco,
902 2693 966 2756 quo
990 2692 1063 2736 eum
1090 2673 1177 2736 adire
1200 2672 1248 2736 fas
1273 2692 1338 2736 non
1363 2672 1472 2751 fuerat,

350 2787 538 2850 ancillarum
566 2785 718 2850 beneficio
742 2788 881 2850 emissus
904 2793 997 2870 esset,
1021 2787 1167 2871 populari
1188 2787 1317 2850 homine
1338 2787 1472 2870 populus

350 2898 524 2982 Romanus,
547 2918 620 2963 res
645 2898 840 2983 publica
864 2902 967 2964 cive
990 2901 1081 2963 tali
1104 2898 1471 2964 careret.''-Rec·

350 3015 473 3078 tissime
497 3013 734 3096 elegantissime
758 3015 864 3077 omniu
887 3013 1064 3097 procedunt
1085 3033 1189 3098 usque
1210 3014 1250 3076 ad
1265 3012 1361 3077 verba
1377 3032 1471 3094 „resp

352 3146 378 3192 e.
393 3148 421 3211 q.
435 3126 497 3207 s.'';
535 3118 655 3191 ultima*
680 3133 786 3192 autem
813 3127 909 3192 verba
932 3132 1032 3191 tutam
1057 3128 1259 3212 strangulant
1283 3133 1381 3211 atque
1404 3145 1472 3190 ene·

353 3246 427 3304 cant
451 3243 653 3308 sententiam.

395 3464 429 3528 P.
453 3486 478 3528 r.
502 3466 547 3528 in
571 3464 745 3529 Senatu
774 3467 792 3548 ξ
817 3467 836 3529 8
863 3471 920 3548 „ut
943 3486 1018 3530 vero
1042 3469 1115 3530 iniit
1135 3469 1366 3550 magistratum,
1388 3485 1470 3529 non

352 3581 498 3643 dicam
536 3580 938 3664 quidegitprius,
962 3581 1018 3645 sed
1042 3581 1120 3665 quid
1144 3583 1275 3645 omnino
1300 3583 1365 3664 egit
1388 3579 1471 3643 aliud

349 3696 412 3758 nisi
436 3700 472 3758 ut
496 3713 545 3758 me
569 3701 757 3758 conservato
783 3702 921 3758 vestram
946 3697 979 3758 in
1004 3700 1168 3778 posterum
1188 3695 1376 3778 dignitatem
1398 3712 1468 3756 auc·

351 3811 574 3892 toritatemque
598 3806 781 3872 sanciret?''
805 3807 912 3872 Verba
939 3827 1023 3889 „non
1048 3809 1150 3872 dicam
1175 3809 1254 3892 quid
1279 3810 1344 3892 egit
1365 3805 1470 3892 prius”

352 3943 479 3988 omnem
514 3927 727 4006 corrumpunt
760 3924 937 3987 sententiae
972 3924 1046 4004 vim,
1078 3941 1183 4006 neque
1206 3928 1312 3986 tamen
1337 3922 1471 3985 librariis

348 4039 536 4122 imputanda
560 4057 639 4119 esse,
663 4056 704 4101 ex
728 4039 827 4101 totius
852 4042 937 4120 patet
961 4038 1120 4101 enuntiati
1143 4043 1313 4102 structura.

396 4153 459 4233 §9
497 4153 549 4233 „di
583 4152 789 4231 immortales,
827 4157 984 4234 quantum
1021 4153 1099 4214 milri
1134 4150 1325 4215 beneficium
1352 4152 1471 4216 dedisse

351 4266 514 4342 videmini,
549 4265 636 4348 quod
672 4266 731 4329 hoc
766 4285 850 4329 anno
887 4264 922 4330 P.
946 4264 1104 4330 Lentulus
1128 4267 1242 4330 consul
1265 4267 1330 4330 est!
1357 4269 1471 4351 quanto

354 4381 457 4446 maius
481 4380 659 4461 dedissetis,
682 4381 709 4443 si
736 4382 900 4464 superiore
924 4400 1009 4444 anno
1032 4379 1472 4464 fuissetl'’lpsedeclamat0r
