3274 5192
730 641 769 705 15

226 828 437 911 ineptissime,
472 849 538 892 una
571 833 698 893 tantum
732 831 920 913 interposita
944 831 1039 913 linea,
1062 834 1175 897 iterata
1198 833 1317 918 legitur

181 941 220 1004 ad
242 939 417 1005 Lentulum
443 943 644 1026 apostrophe.
668 942 718 1006 Ita
743 949 788 1024 ut,
812 950 939 1028 recepta
962 943 1315 1026 Lahmeyeriemenda·

178 1057 275 1135 tione,
300 1075 363 1118 una
388 1055 485 1119 litura
509 1056 644 1120 delenda
668 1063 776 1120 essent
800 1056 899 1121 verba
923 1057 998 1142 [tua
1023 1057 1078 1121 On.
1102 1058 1261 1143 Lentule}

227 1168 334 1245 Quum
359 1176 466 1234 autem
492 1170 564 1234 v.d.
589 1172 761 1234 contendat
787 1171 828 1254 (p.
854 1173 919 1253 38),
944 1172 1024 1234 nihil
1049 1172 1176 1255 probari
1201 1174 1240 1236 iis
1265 1193 1314 1236 ar·

178 1286 342 1366 gumentis
368 1283 545 1366 Wolfianis,
570 1304 653 1370 quae
679 1291 848 1349 versentur
870 1287 902 1347 in
929 1285 1094 1349 erroribus
1108 1288 1311 1370 peccatisque

179 1398 347 1479 historicis,
378 1397 530 1462 Cicerone
553 1399 704 1482 indignis,
729 1419 811 1482 quae
834 1400 867 1460 in
893 1399 1094 1464 orationibus
1115 1402 1234 1464 nostris
1258 1401 1311 1464 de-

180 1511 428 1593 prehendantur,
452 1513 485 1574 iu
510 1514 635 1576 ratione
657 1513 875 1595 grammatica,
899 1513 932 1575 in
957 1513 1059 1596 logica
1079 1515 1310 1577 sententiarum

181 1627 323 1706 veritate,
365 1627 399 1688 iu
442 1627 600 1710 elegantia
637 1633 667 1691 et
706 1628 820 1691 ceteris
858 1626 1034 1691 virtutibus
1069 1628 1246 1710 rhetoricis,
1280 1629 1313 1690 in

182 1737 364 1802 charactere
389 1741 446 1822 qui
469 1740 586 1804 dicitur
611 1739 775 1804 Ciceronis
798 1742 936 1823 proprio,
961 1742 994 1803 in
1019 1740 1199 1805 rationibus
1224 1740 1313 1805 deni·

182 1869 245 1933 que
274 1852 491 1936 generalibus,
516 1855 624 1917 omnia
647 1860 839 1937 aspernatur
864 1860 961 1937 atque
987 1854 1126 1939 neglegit
1150 1873 1314 1939 quaecun-

182 1985 246 2048 que
280 1968 509 2030 universa
544 1968 696 2032 disseruit
733 1966 879 2049 Wolfius,
916 1973 952 2031 ut
982 1968 1022 2032 ad
1054 1970 1201 2052 singulos
1224 1969 1311 2033 locos

180 2081 310 2144 accedat
347 2081 579 2145 diiudicandus.
615 2081 704 2146 Haec
735 2083 835 2165 igitur
866 2083 1093 2165 disputationis
1119 2082 1312 2164 Lahmeyer-

182 2194 274 2257 ianae
316 2214 389 2277 pars
429 2196 579 2277 primaria
614 2197 814 2278 maximique
852 2197 1021 2275 momenti,
1058 2201 1090 2258 at
1115 2203 1313 2279 quantopere

183 2309 436 2390 expectationem
473 2314 613 2372 nostram
648 2308 728 2372 fallit
761 2311 810 2371 vir
836 2309 883 2371 d.t
908 2307 957 2372 Ne
982 2309 1021 2373 de
1044 2328 1192 2392 perversa
1218 2330 1312 2394 argu-

183 2423 347 2485 mentandi
371 2424 495 2486 ratione
519 2424 570 2486 hio
596 2424 717 2506 loquar,
742 2444 805 2506 qua
830 2444 910 2487 usus
934 2424 973 2507 (p.
999 2426 1040 2484 55
1054 2429 1135 2508 sqq.)
1159 2444 1312 2508 magnum

183 2537 326 2618 congerit
349 2536 586 2620 diligenterque
607 2542 769 2620 comparat
781 2556 954 2600 numerum
970 2539 1200 2602 sententiarum
1215 2547 1312 2622 atquc

181 2652 444 2714 enuntiationum
470 2671 511 2714 ex
536 2651 735 2715 orationibus
760 2671 834 2716 vere
854 2651 1082 2734 Uiceronianis,
1103 2671 1185 2736 quae
1205 2655 1238 2715 in
1253 2668 1312 2716 ore.

183 2763 222 2827 de
257 2764 321 2827 har.
357 2783 439 2848 resp.
476 2767 628 2848 repetitae
665 2770 851 2845 occurrant;
886 2786 949 2829 non
981 2770 1065 2831 enim
1098 2767 1179 2830 vidit
1202 2770 1251 2830 vir
1275 2769 1315 2850 d.,

183 2879 315 2941 minime
342 2878 403 2940 hoc
425 2898 482 2961 pro
507 2898 566 2941 sua
589 2878 692 2942 facere
715 2898 820 2960 causa,
846 2881 996 2963 quoniam
1022 2886 1054 2943 et
1077 2881 1217 2944 imitator
1241 2900 1311 2944 vcr-

182 2997 276 3055 sutus
318 2992 448 3055 assidua
482 2991 618 3055 lectione
653 2997 684 3056 et
719 2993 924 3056 meditatione
958 2992 1091 3056 eandem
1125 2993 1307 3058 facultatem

182 3107 286 3189 potuit
320 3108 449 3189 assequi
463 3103 504 3189 1);
543 3143 583 3152 -
620 3107 768 3190 exempla
802 3127 904 3190 pauca
935 3108 1077 3171 indicare
1108 3108 1205 3171 velim
1239 3111 1309 3173 eius
1394 3142 1397 3146 ·

181 3222 316 3284 rationis
349 3241 413 3304 qua
443 3220 582 3284 refutare
605 3227 740 3284 conatur
763 3219 943 3284 Marklandi
968 3220 1142 3304 Wolfiique
1166 3224 1309 3286 crimina.

226 3355 255 3418 p.
288 3337 330 3398 49
344 3355 391 3418 sq.
418 3336 604 3398 inusitatam
629 3340 726 3417 atque
749 3335 928 3398 inauditam
953 3337 1213 3399 coniunctionem
1239 3355 1306 3400 ver-

182 3447 296 3511 borum
333 3451 572 3532 ,germanitatis
608 3447 750 3531 stupris''
782 3450 811 3528 (ξ
837 3451 890 3527 42)
905 3450 927 3528 1)
953 3448 1094 3512 defendit
1118 3449 1213 3513 allato
1238 3451 1308 3514 loeo

214 3744 241 3809 l)
269 3745 303 3795 Ut
320 3750 389 3794 recte
407 3745 509 3795 monuit
528 3745 674 3809 Hoffmann,
692 3746 736 3795 l.l.
755 3761 779 3810 p.
798 3743 838 3795 19.
856 3744 980 3795 Similiter
999 3761 1022 3808 p.
1040 3745 1072 3794 54
1093 3746 1242 3806 aupaxa‘arm
1260 3762 1308 3797 an-

181 3837 423 3900 nominationesque
448 3851 514 3900 quae
541 3837 691 3900 frequenter
708 3837 734 3886 in
754 3841 990 3886 nostraeecurrunt
1006 3837 1130 3902 oratione,
1148 3837 1309 3903 Lahmeyero

182 3928 265 3977 iudice
291 3928 413 3991 praebent
430 3931 588 3989 γνησιότητος
607 3929 742 3994 indicium,
760 3943 843 3992 quum
864 3928 1034 3977 libentissime
1053 3944 1082 3978 eo
1100 3937 1252 3979 ornamento
1269 3931 1308 3979 uti

179 4021 259 4068 soleat
285 4019 399 4083 Tullius;
416 4047 449 4056 -
466 4025 493 4070 at
510 4019 726 4077 declamatoribus
743 4035 847 4083 quoque
868 4019 1046 4069 huiuscemodi
1065 4020 1205 4083 elegantias
1224 4021 1306 4070 tuisse

180 4112 206 4160 in
225 4111 322 4161 deliciis
340 4118 444 4176 apparet
461 4119 485 4162 et
503 4125 536 4161 ex
553 4112 611 4161 aliis
629 4113 774 4162 innumeris
791 4112 1020 4161 declamationibus
1037 4117 1063 4161 et
1080 4127 1110 4160 ex
1130 4127 1159 4161 ea
1178 4128 1244 4175 quae
1264 4114 1305 4161 in-

180 4203 305 4253 scribitur
328 4209 552 4270 „antequam
579 4205 651 4253 iret
676 4204 710 4252 in
729 4201 911 4252 exiliurn''.
930 4203 986 4252 Vid.
1005 4217 1072 4266 quae
1091 4203 1185 4253 hacde
1205 4219 1232 4253 re
1254 4204 1307 4252 dis·

180 4295 269 4359 putari
287 4294 348 4359 Cap.
367 4296 433 4359 1115
452 4294 476 4347 2.

214 4386 241 4452 2)
261 4387 310 4438 Ubi
335 4387 477 4438 Lambinus
504 4389 651 4452 preposuit:
678 4389 722 4454 „in
748 4387 895 4437 domesticis
920 4387 1186 4452 germanisque
1210 4388 1308 4451 stupris
