3288 5186
830 883 877 950 X.

334 1099 465 1181 Statius,
489 1097 564 1162 silv.
591 1098 625 1161 11
650 1099 761 1178 1,20:

533 1212 673 1276 lacrimis
697 1231 736 1276 eu
761 1217 791 1276 et
815 1232 886 1278 mea
909 1216 1052 1278 carmina
1076 1216 1109 1277 in
1134 1217 1204 1299 ipso

335 1344 390 1389 ore
413 1330 524 1390 natant
548 1327 722 1409 tristesque
745 1325 864 1389 cadunt
888 1329 920 1389 in
945 1327 1042 1391 verba
1066 1327 1191 1392 liturae.

333 1439 406 1522 Ipse
431 1441 548 1504 etenim
569 1445 676 1503 tecum
700 1442 810 1522 nigrae
835 1440 1001 1504 sollemnia
1023 1460 1158 1524 pompae

334 1558 578 1636 spectatumque
601 1552 674 1616 urbi
698 1553 859 1617 scelus
883 1559 926 1618 et
948 1555 1070 1636 puerile
1093 1554 1244 1619 teretrum

333 1667 474 1750 produxi
496 1686 521 1731 e.
536 1687 565 1750 q.
577 1686 601 1730 s.

333 1779 490 1865 Legatur:

333 1900 576 1979 spectatumque
600 1894 673 1958 urbi
698 1932 738 1942 —
764 1897 870 1960 scelus
894 1897 1019 1962 ah!.-·
1043 1898 1166 1980 puerile
1187 1899 1349 1964 feretrum.

825 2158 885 2222 XI.

335 2371 472 2450 Tacitae,
495 2368 578 2434 Hist.
603 2369 620 2432 I
645 2369 685 2430 57
710 2369 779 2432 i.f.:

336 2483 398 2549 Sed
434 2484 588 2566 manipuli
626 2502 755 2566 quoque
790 2489 821 2547 et
854 2487 1021 2568 gregarius
1046 2487 1137 2550 miles
1160 2489 1277 2551 viatica
1301 2509 1360 2552 sua
1384 2496 1416 2555 et

292 2598 413 2662 balteos
435 2597 656 2681 phalerasque,
680 2597 832 2682 [iusignia
855 2618 1017 2663 armorum
1041 2605 1172 2684 argento
1196 2601 1330 2686 decora]
1344 2603 1415 2667 loco

291 2712 447 2794 pecuniae
469 2710 644 2792 tradebant,
667 2712 824 2775 instmctu
847 2717 879 2776 et
902 2714 1024 2795 impetu
1050 2719 1081 2778 et
1104 2716 1246 2778 avaritia.

336 2823 449 2888 Deleri
468 2828 797 2909 interpretamentum.
823 2826 867 2889 cf.
892 2846 917 2889 c.
943 2829 993 2890 20.

817 3085 892 3149 XII.

334 3294 472 3375 Tacitus,
494 3293 577 3358 Hist.
601 3295 634 3358 Π
660 3296 701 3357 14
723 3296 808 3358 init:

335 3407 498 3472 inminere
520 3411 703 3492 provinciae
722 3408 934 3491 Narbonensi,
956 3410 1002 3494 [in
1017 3411 1113 3474 verba
1125 3411 1246 3475 Vitellii
1260 3413 1415 3497 adactae,]

292 3521 425 3584 classem
451 3518 585 3585 Othonis
608 3523 723 3605 trepidi
749 3525 854 3585 nuntii
877 3522 976 3586 FabIo
1000 3524 1128 3588 Valenti
1150 3526 1294 3590 attulere.

335 3632 459 3696 Inclusi
481 3634 579 3697 verba
602 3654 643 3698 ex
666 3635 682 3696 Ι
706 3635 765 3714 87;
791 3634 823 3698 ΙΙ
849 3635 889 3698 12
913 3656 1078 3720 perperam
1105 3639 1167 3702 buc
1190 3641 1349 3703 invecta..

812 3896 904 3960 XIII.

334 4111 470 4191 Tacitus
492 4110 575 4175 Hist.
599 4110 649 4173 ΙΙΙ
675 4113 715 4174 19
740 4131 763 4174 s.
788 4111 808 4174 f.
832 4112 998 4176 deleantur
1021 4112 1135 4176 verba:

336 4222 561 4307 [Expugnatae
586 4223 675 4287 urbis
699 4226 848 4308 praedam
873 4227 912 4290 ad
937 4228 1078 4308 militem,
1103 4228 1227 4291 deditae
1251 4229 1290 4291 ad
1316 4228 1416 4295 duces

290 4337 470 4421 pertinerel.
