3288 5186
861 647 902 710 90

248 829 251 834 ’
314 830 555 895 consideremus
583 832 765 895 cuiusmodi
789 834 830 896 eit
855 833 1046 916 gravissime
1068 833 1123 895 illu
1147 833 1269 896 Valerii
1293 851 1366 896 oum
1391 831 1441 895 (li-

316 962 431 1008 cerone
454 947 640 1009 consensio:

315 1152 343 1196 a.
396 1130 464 1196 Vct.
488 1131 579 1196 Mur.
605 1131 623 1194 1
650 1133 662 1194 l
691 1134 710 1214 ᾗ
738 1135 772 1196 l:
939 1131 986 1197 Dc
1008 1133 1076 1196 hur.
1098 1153 1181 1217 resp.
1206 1135 1225 1216 ξ
1251 1135 1292 1196 28
1316 1138 1411 1196 ectu:

359 1257 436 1320 item
462 1255 555 1320 Matri
576 1257 852 1342 deumsuepenu-
954 1264 1066 1322 ut....
1101 1261 1199 1324 nostri
1235 1261 1442 1342 imperatores

317 1387 402 1432 mero
422 1370 629 1452 imperatores
654 1372 754 1435 nostri
768 1391 853 1434 com·
907 1373 1055 1436 maximis
1097 1379 1127 1436 et
1162 1372 1442 1456 periculosissimis

316 1487 406 1565 potes
452 1485 656 1548 victoriarum
705 1491 854 1568 suscepte
905 1485 996 1549 bellis
1020 1486 1096 1549 huic
1119 1485 1196 1549 deae
1215 1485 1441 1549 rotalacerent

316 1601 390 1658 vota
407 1593 632 1661 Pessinuntem
646 1598 778 1681 profecti
791 1599 853 1662 sol·
903 1606 1000 1682 atque
1029 1600 1065 1660 in
1096 1600 1165 1682 ipso
1187 1598 1384 1663 Pessinunte
1403 1599 1442 1661 ud

315 1713 441 1771 verunt.
902 1713 989 1776 illam
1021 1714 1124 1796 ipsum
1152 1713 1328 1795 prinoipem
1354 1731 1440 1775 arem

361 1821 478 1900 (locum
504 1823 658 1888 indicavit
679 1824 852 1889 Hoffmann
903 1832 933 1890 et
964 1827 997 1888 in
1028 1827 1084 1889 illo
1114 1826 1184 1888 loco
1207 1824 1348 1909 fenoque
1371 1844 1441 1908 per·

317 1953 345 2017 p.
372 1935 433 2014 195.
904 1941 1072 2004 solverent.

315 2097 340 2161 b.
384 2097 451 2163 Vol.
476 2099 568 2164 Mun.
599 2100 647 2164 Vl
669 2104 698 2183 3,
727 2104 753 2183 l,
775 2123 808 2166 o:
981 2098 1031 2164 De
1053 2100 1141 2164 domo
1164 2120 1223 2164 suu
1246 2101 1266 2182 ξ
1294 2101 1374 2163 101:

361 2226 470 2290 eadem
494 2247 610 2291 ausum
634 2226 686 2310 Sp.
701 2226 853 2291 Maelium
948 2225 999 2309 Sp.
1020 2225 1128 2289 Muelii
1145 2245 1279 2310 regnum
1293 2232 1441 2309 appeten·

317 2339 478 2402 consimili
503 2341 592 2403 exitu
617 2341 718 2423 patria
740 2341 853 2403 multe·
904 2341 945 2402 tis
970 2340 1084 2403 domus
1104 2346 1154 2403 est
1176 2341 1386 2422 complanato,
1405 2346 1442 2403 et

317 2453 370 2515 vit.
405 2454 490 2517 Area
521 2473 596 2518 vero
628 2453 743 2516 domus
775 2454 854 2533 siue,
905 2455 1014 2536 quia
1038 2453 1201 2531 illud¹)
1225 2472 1367 2537 aequum
1393 2472 1441 2515 eo·

318 2585 382 2648 quo
413 2568 537 2631 iustitia
567 2567 714 2650 supplicii
746 2568 854 2629 notior
903 2567 1020 2630 cidisse
1044 2577 1088 2649 p.s
1111 2565 1161 2630 its
1185 2566 1299 2630 Maelio
1320 2566 1440 2630 iudicu-

315 2678 355 2741 ad
373 2682 852 2763 posterosperveniret‚Aequi-
904 2683 958 2761 vit,
992 2682 1122 2744 nomine
1152 2683 1221 2764 ipso
1245 2679 1441 2763 Aequimelii

316 2794 401 2856 melli
425 2793 669 2877 appellationem
694 2795 799 2856 traxit.
902 2795 1024 2857 iustitia
1044 2794 1144 2873 (codd.
1157 2794 1306 2875 stultitia)
1321 2811 1440 2875 poenae

902 2906 1107 2990 comprobata
1130 2912 1186 2970 est.

359 3090 411 3154 Ad
454 3111 536 3175 quos
579 3092 666 3156 locos
703 3099 851 3156 accurate
886 3094 1135 3157 considerandos
1170 3094 1439 3177 pensitandosque

316 3205 503 3288 quicunque
537 3207 658 3270 accedit
692 3207 782 3270 nulla
817 3213 1003 3272 occaecatus
1035 3209 1185 3291 opinione
1216 3208 1440 3291 praeiudicata,

315 3323 467 3402 agnoscat
491 3324 632 3402 oportet:

363 3432 401 3495 1⁰.
426 3432 465 3496 de
489 3433 597 3496 eadem
623 3452 658 3496 re
683 3439 857 3517 utrumque
880 3433 984 3497 lacere
1008 3433 1104 3496 verbe
1128 3437 1332 3517 scriptorem3

360 3547 402 3608 2⁰.
428 3551 565 3629 utroque
588 3547 658 3609 loco
683 3547 748 3610 duo
772 3547 821 3609 vel
846 3547 906 3609 trie
929 3546 1086 3609 vocabulo
1111 3546 1239 3610 Valerio
1263 3565 1334 3610 esse
1356 3565 1438 3609 com·

314 3661 425 3723 munie
449 3679 523 3723 oum
551 3658 755 3740 „Cicerone''‚
779 3677 893 3742 nempe
916 3662 1021 3744 priore
1044 3679 1140 3743 quem
1167 3659 1259 3723 attuli
1285 3659 1372 3722 loco:

357 3773 470 3837 vat:
496 3775 704 3857 imperotores
739 3775 840 3836 nostri
867 3810 905 3819 —
934 3772 1063 3853 „cio”
1086 3777 1188 3837 nostri
1211 3776 1435 3857 imperatores3

357 3887 468 3950 vat:
495 3894 568 3950 vota
599 3888 765 3950 solverunt
802 3924 840 3932 -
874 3884 1000 3966 „Cio”
1026 3893 1178 3950 vote...
1202 3887 1436 3971 persolverent3

313 4000 412 4063 altero
438 4019 512 4062 vero
536 3999 621 4062 loco:

346 4281 370 4343 l)
388 4281 436 4347 „Et
461 4283 507 4345 qui
532 4282 619 4332 aliud''
642 4282 728 4347 codd.;
746 4284 847 4334 emend.
866 4283 1034 4349 Spengel,
1052 4284 1143 4333 Philol.
1163 4283 1197 4333 Xl
1215 4281 1281 4348 4035
1300 4284 1434 4334 Momm·

311 4386 381 4435 sen,
399 4371 505 4422 Hermes
523 4372 543 4421 V
562 4388 585 4437 p.
603 4372 652 4424 258
672 4389 697 4424 n.
718 4373 742 4425 2.
