3274 5192
241 980 330 1057 Quae
353 983 438 1044 inter
461 982 547 1045 viros
571 981 621 1044 dd.
645 983 815 1045 consensio
840 986 964 1044 tanturn
989 980 1079 1046 abest
1103 987 1138 1045 ut
1159 981 1325 1046 medeter-

196 1105 263 1159 reat
294 1095 469 1178 quominus
493 1095 704 1177 patrocinium
730 1095 904 1178 suscipiam
928 1113 1044 1158 causae
1068 1094 1211 1159 desertae
1233 1095 1325 1158 relic-

195 1215 321 1292 taeque,
346 1214 382 1272 ut
405 1227 423 1272 e
446 1209 608 1272 contrario
631 1213 787 1291 tanquam
812 1208 965 1271 stimulus
991 1207 1069 1270 mihi
1093 1209 1134 1271 sit
1159 1212 1195 1271 ut
1218 1207 1324 1271 denuo

194 1323 469 1386 intricatissimam
492 1321 575 1384 hanc
599 1321 770 1406 philologis
794 1322 959 1404 propinem
976 1323 1205 1404 quaestionem,
1219 1340 1325 1405 neque

196 1455 271 1500 vero
295 1436 328 1500 id
352 1437 525 1500 instinctus
549 1434 810 1519 reprehendenda
835 1436 973 1518 quadam
998 1436 1132 1499 audacia
1156 1436 1207 1500 vel
1228 1438 1323 1500 etiam

195 1552 412 1614 contumacia:
456 1551 585 1634 penitus
627 1551 712 1614 enirn
748 1551 851 1613 sentio
887 1555 1044 1633 quantum
1078 1553 1205 1615 intersit
1239 1553 1325 1615 inter

197 1682 300 1727 meam
325 1663 637 1746 quantulancunque
658 1662 872 1728 eruditionem
887 1667 918 1728 et
929 1664 1160 1747 amplissimam
1174 1667 1325 1748 copiosis·

196 1779 310 1870 simam
334 1796 445 1841 eorum
471 1779 614 1840 virorum
640 1776 828 1859 doctrinam,
852 1778 972 1861 quibus
996 1779 1047 1842 hic
1070 1798 1129 1863 ego
1151 1778 1323 1862 obloquar3

197 1891 253 1954 sed
297 1891 379 1954 hanc
415 1910 511 1955 unam
549 1877 596 1954 ob¹
623 1910 752 1955 causam
790 1891 877 1974 quod
911 1890 1037 1955 firmam
1071 1894 1325 1976 persuasionem,

197 2006 325 2089 spurias
361 2024 431 2068 esse
466 2004 522 2068 has
558 2006 727 2086 orationeS,
761 2025 857 2088 quam
883 2011 1031 2068 accurato
1056 2011 1153 2089 atque
1177 2005 1323 2088 diligenti

196 2120 275 2182 mihi
310 2120 542 2182 contraxissem
578 2118 685 2182 studio
719 2137 793 2182 cum
831 2119 944 2182 harum
978 2119 1121 2201 ipsarum
1153 2124 1222 2181 tum
1248 2138 1324 2183 vero

198 2232 360 2297 Ciceronis
396 2233 586 2313 orationum,
619 2231 707 2295 nullo
738 2230 832 2294 modo
856 2232 1032 2314 potuissem
1057 2230 1191 2295 abicere.
1216 2229 1323 2306 Quum

198 2349 284 2411 enim
321 2347 399 2409 mihi
432 2346 619 2409 viderentur
654 2351 685 2409 et
718 2348 807 2428 ipsae
838 2345 997 2408 orationes
1029 2362 1085 2426 per
1108 2361 1142 2407 se
1166 2348 1324 2426 spectatae

199 2463 358 2545 pessimae
381 2478 451 2524 esso
476 2466 569 2523 notae
593 2459 667 2540 (vid.
692 2457 764 2541 Gap.
786 2458 856 2536 ΙΙΙ),
881 2463 911 2522 et
934 2477 971 2522 ea
998 2455 1221 2539 „testimonia”
1243 2476 1325 2540 quae

199 2594 241 2638 ex
275 2575 466 2657 antiquitate
497 2574 537 2638 ad
561 2593 620 2637 nos
644 2573 865 2656 pervenissent
888 2573 1149 2656 perexiguiesse
1172 2572 1323 2635 moment’

198 2688 273 2770 (vid.
297 2686 370 2770 Cap.
394 2686 463 2769 IV),
486 2693 517 2751 et
540 2687 680 2770 denique
704 2687 997 2770 argumentationes
1010 2705 1091 2768 quas
1103 2684 1326 2750 adhibuissent

197 2807 252 2874 τῆς
298 2800 486 2878 γνησιότητος
518 2800 709 2882 defensores
744 2800 840 2883 longe
874 2799 1039 2864 aberrasse
1072 2819 1090 2863 a
1125 2818 1220 2882 scopo
1255 2818 1326 2880 suo,

200 2917 318 2999 quippe
350 2933 433 2998 quae
458 2916 589 2978 omnino
614 2933 678 2977 non
703 2914 881 2977 valuissent
904 2912 1161 2976 adversariorum
1186 2911 1325 2976 refutare

202 3034 299 3112 atque
333 3027 477 3092 refellere
511 3029 656 3109 crimina,
690 3046 819 3111 operam
855 3045 906 3091 me
929 3046 993 3089 non
1018 3020 1218 3108 perditurum
1242 3024 1325 3088 arbi·

201 3141 308 3205 trabar
343 3143 370 3205 si
394 3142 500 3204 denuo
524 3148 621 3204 totam
647 3142 868 3224 quaestionem
892 3144 1118 3223 pertractarem
1141 3139 1326 3221 iterumque

202 3275 239 3320 ea
263 3255 437 3340 proferrem
462 3261 715 3338 argumenta-
741 3252 859 3336 quibus
884 3272 986 3336 pauca
1011 3252 1166 3335 quaedam
1191 3251 1230 3314 de
1255 3270 1325 3315 meo

202 3370 320 3451 addidi,
339 3387 426 3453 quae
449 3368 540 3433 facile
564 3389 582 3431 a
606 3368 715 3451 peritis
738 3365 903 3430 iudicibus
917 3366 1124 3430 dinoscentur
1137 3364 1229 3428 abiis
1243 3383 1326 3447 quae

202 3485 324 3567 priores
367 3483 541 3546 attulerant
575 3518 616 3527 —
652 3499 735 3564 quae
776 3480 884 3544 favere
926 3479 1111 3543 viderentur
1146 3478 1325 3542 Marklandi

201 3598 345 3682 opinioni
369 3615 452 3680 quae
475 3596 608 3679 explosa
630 3597 693 3658 iam
718 3599 885 3679 putaretur
907 3599 1005 3676 atque
1029 3592 1234 3656 conclamata.

248 3709 355 3786 Quum
381 3716 487 3774 autem
512 3708 650 3792 perbene
673 3709 866 3792 intellegam,
889 3709 923 3770 in
948 3728 1045 3791 quam
1069 3705 1191 3770 difficili
1215 3726 1325 3790 quam·

205 3843 268 3907 quo
290 3825 438 3887 intricata
462 3842 568 3887 verser
581 3824 769 3907 quaestione
781 3819 813 3903 ¹),
824 3823 871 3886 rei
884 3840 934 3885 me
947 3820 1138 3885 satisfecisse
1150 3819 1268 3903 putabo
1282 3819 1326 3883 si:

206 4018 351 4026 ——--—-

237 4136 264 4199 l)
283 4135 352 4194 Quas
368 4133 534 4185 difficultates
551 4140 618 4184 recte
637 4135 706 4184 hisce
725 4133 807 4183 verbis
825 4132 921 4182 indicat
939 4147 961 4178 v.
978 4131 1002 4180 d.
1025 4130 1100 4193 eser,
1118 4129 1241 4180 esscha.
1253 4130 1329 4180 Rom.

205 4229 295 4278 Littar.
321 4227 345 4277 ll
372 4225 436 4276 1845
455 4243 478 4290 p.
495 4225 560 4275 276:
582 4226 719 4291 „lrrdessen
739 4224 802 4274 wird
821 4237 881 4272 man
900 4223 954 4272 sich
972 4222 1033 4271 aber
1050 4222 1117 4271 auch
1136 4222 1181 4271 das
1198 4221 1327 4286 Gewagte‚

202 4321 248 4369 das
265 4319 431 4368 insbescndr·e
449 4319 484 4367 irn
506 4317 707 4380 Widerspruche
726 4316 773 4364 rnit
790 4315 840 4364 den
850 4314 1017 4363 bestimmten
1028 4315 1150 4362 dusseren
1161 4311 1326 4362 autoritates

204 4412 249 4461 des
280 4409 451 4472 Alterthuma
479 4409 575 4459 welche
600 4410 642 4457 fur
668 4409 709 4458 die
735 4406 871 4457 liechtheit
898 4406 979 4456 dieser
998 4405 1084 4456 Reden
1103 4405 1239 4471 sprechen,
1258 4404 1329 4470 liegt,
