3274 5192
756 648 772 706 5

200 831 368 914 ingeniose
408 829 551 912 ludendi,
583 833 646 915 ipsi
679 833 755 895 huic
791 834 949 904 acuminis
985 837 1166 899 ostentandi
1201 839 1328 922 gaudio,

177 1027 179 1034 Ι
203 965 299 1029 quam
324 946 452 1027 ineptae
476 947 639 1009 nesciocui
662 965 737 1029 erga
759 937 946 1030 Arpinatem
970 951 1088 1031 pietati.
1111 949 1197 1014 Huic
1221 958 1328 1017 autem

203 1061 247 1123 rei
273 1059 480 1122 tribuendum
506 1078 576 1124 esse
600 1061 750 1124 existimo
775 1061 861 1144 quod
880 1063 1043 1126 interdum
1064 1065 1132 1127 viro
1152 1065 1330 1131 clarissimo

202 1172 382 1237 exciderint
417 1174 583 1237 enuntiata
618 1178 715 1258 atque
745 1175 866 1238 iudicia
897 1181 962 1238 tam
986 1179 1161 1256 σοφιστικῶς
1185 1180 1329 1263 conflata,

188 1275 238 1349 'ut
261 1285 386 1351 facilem
412 1286 618 1370 praebuerint
640 1307 751 1351 ansam
775 1291 917 1351 virorum
940 1290 990 1353 dd.
1010 1293 1222 1356 recentiorum
1245 1295 1329 1358 refu-

201 1401 385 1464 tationibus.
410 1400 600 1484 Speciminis
620 1421 718 1466 causa
737 1422 840 1485 pauca
860 1404 1015 1486 quaedam
1029 1405 1213 1469 huiusmodi
1227 1427 1328 1472 enun-

201 1515 279 1578 tiata
302 1515 444 1580 indicare
469 1516 520 1578 hio
544 1515 658 1579 velim:

245 1649 274 1712 p.
301 1629 364 1690 266
378 1649 446 1712 sqq.
471 1630 523 1709 (de
550 1629 708 1709 ,fortunis
732 1631 950 1714 recuperatis'’
975 1633 1014 1696 ad
1040 1631 1130 1709 Quir.
1153 1635 1172 1716 ἕ
1194 1637 1235 1716 3),
1248 1656 1329 1719 quas

205 1741 386 1805 Marklandi
410 1743 552 1825 argutias
577 1763 703 1806 summo
723 1745 794 1808 iure
814 1744 965 1809 refutavit
985 1746 1146 1812 Gesnerus
1159 1749 1191 1811 in
1206 1747 1328 1814 Comm.

202 1854 273 1919 Soc.
296 1855 373 1940 Reg.
397 1855 445 1920 Sc.
470 1856 553 1921 Cott.
577 1856 627 1919 III
648 1877 676 1940 p.
701 1859 766 1920 243
778 1877 865 1942 sqq.;

142 2046 146 2052 ⁵
247 1991 276 2054 p.
302 1972 488 2053 318-332,
512 1973 699 2054 praesertim
725 1992 754 2055 p.
781 1973 842 2035 321
869 1979 994 2055 annot.;

247 2105 276 2169 p.
302 2085 366 2148 204
389 2089 506 2167 annot,
530 2086 569 2149 ad
593 2085 632 2149 de
655 2086 723 2149 har.
747 2105 829 2170 resp.
856 2087 874 2169 ἕ
900 2089 957 2150 55;
983 2107 1085 2170 „quae
1105 2090 1330 2155 consiliasunt

204 2200 489 2282 occultiora,
526 2221 620 2284 quam
647 2203 717 2265 eius
741 2202 866 2284 quiin
902 2205 1258 2269 concioneausus
1282 2211 1330 2270 est

203 2312 329 2377 dicere”
353 2333 378 2377 e.
393 2335 420 2397 q.
435 2309 576 2397 s.,'quae
600 2315 697 2379 verba
720 2320 890 2399 postquam
916 2335 1065 2400 perverse
1088 2319 1184 2382 vertit
1207 2320 1259 2382 vir
1282 2320 1328 2384 d.:

208 2427 325 2508 ,What
349 2428 478 2512 designs
503 2448 556 2492 are
581 2449 701 2494 more
725 2424 900 2512 secret,
923 2432 999 2495 than
1024 2431 1115 2495 those
1139 2432 1174 2495 of
1190 2431 1330 2516 Clodius,

205 2543 275 2606 who
309 2545 354 2605 in
390 2564 408 2606 a
443 2544 608 2627 public
645 2544 895 2626 Assembly
932 2546 993 2609 had
1024 2546 1077 2610 the
1101 2566 1273 2612 assurance
1297 2553 1329 2612 to

203 2676 260 2737 say
295 2676 320 2720 e.
334 2677 362 2740 q.
377 2655 432 2739 s.,'’
467 2660 566 2723 variis
602 2641 705 2722 modis
730 2658 885 2722 ludribrio
910 2658 1006 2723 habet
1032 2659 1331 2744 „declamatorem”,

204 2771 275 2833 who
301 2772 392 2862 made
415 2772 479 2836 this
505 2771 699 2854 ,Blunder''.
725 2771 813 2848 Quas
836 2775 947 2856 apinas
968 2775 1129 2856 tricasque
1149 2774 1349 2859 profligavit

206 2885 369 2950 Gesnerus
392 2886 443 2949 l.l.
468 2907 496 2970 p.
521 2888 594 2950 283.

253 2999 316 3076 Qui
350 3002 470 3065 nimius
499 3002 631 3066 ludendi
664 3022 754 3066 amor
776 3022 849 3065 cum
874 3022 991 3085 magno
1015 3008 1063 3067 est
1087 3003 1277 3068 detrimento
1302 3007 1332 3069 ei

207 3133 332 3196 causae,
366 3117 419 3179 cui
449 3118 667 3198 patrocinatur
690 3115 907 3193 Marklandus,
931 3121 999 3180 tum
1024 3137 1100 3181 vero
1123 3119 1186 3181 alia
1209 3124 1258 3183 est
1281 3139 1332 3184 res

207 3247 290 3311 quae
325 3248 387 3291 non
426 3231 496 3294 sinc
526 3231 612 3293 iusta
636 3249 733 3293 causa
756 3230 833 3293 vitio
860 3231 961 3313 possit
984 3232 1066 3294 verti
1090 3232 1158 3294 viro
1183 3232 1332 3297 illustris-

208 3344 305 3406 simo:
331 3345 428 3407 nimis
451 3345 535 3408 enim
560 3343 749 3408 festinanter
771 3343 889 3434 librum
914 3364 1009 3408 suum
1032 3345 1177 3428 confecit,
1191 3382 1231 3392 —
1247 3347 1332 3412 unde

207 3457 326 3520 factum
362 3463 419 3537 est,
454 3463 491 3521 ut
524 3458 575 3520 hic
597 3457 672 3540 illic,
694 3457 929 3522 inconsiderate
952 3464 1048 3542 atque
1072 3459 1254 3524 inconsulte
1277 3461 1332 3524 ad-

209 3571 350 3653 modum,
384 3592 402 3634 a
436 3571 576 3636 dictione
599 3570 808 3636 Ciceroniana
832 3571 1058 3637 abiudicentur
1081 3577 1258 3639 sententiae
1282 3577 1332 3640 vel

207 3685 360 3768 loquendi
383 3685 549 3766 formulae,
574 3706 710 3768 quarum
734 3690 841 3750 tamen
867 3687 916 3749 vir
939 3687 966 3750 d.
986 3688 1021 3749 in
1041 3687 1112 3750 aliis
1133 3688 1332 3752 orationibus

207 3799 324 3881 (iisque
346 3817 421 3862 vere
445 3797 672 3878 Ciceronianis)
695 3800 841 3864 invenire
865 3801 1022 3883 potuisset
1045 3801 1209 3884 exempla3
1235 3803 1281 3865 sic

254 3931 283 3994 p.
320 3912 394 3994 226,
429 3913 468 3975 ad
505 3912 544 3977 de
567 3914 631 3976 har.
656 3933 736 3996 resp.
762 3914 781 3995 ἕ
807 3915 848 3976 59
876 3933 979 3996 „quae
1003 3916 1095 3978 navis
1120 3935 1274 3998 umquam
1299 3917 1332 3978 in

209 4213 259 4262 aud
286 4227 328 4262 see
352 4213 416 4262 such
444 4213 532 4278 things
550 4228 578 4262 as
596 4213 668 4262 these
685 4213 797 4276 imposed
818 4227 885 4276 upon
903 4213 947 4262 the
968 4211 1057 4262 World
1076 4214 1115 4262 for
1133 4213 1174 4262 his
1193 4213 1330 4279 Writings,

212 4304 281 4352 what
298 4303 369 4353 Griel
386 4305 435 4352 and
454 4304 617 4368 Indignatiun
637 4305 720 4353 would
739 4305 759 4352 it
777 4303 891 4353 occasion
901 4303 956 4352 him
968 4302 989 4351 l'
999 4304 1046 4355 Cui
1057 4304 1193 4368 respondet
1203 4305 1334 4356 Gesnerus

211 4396 238 4444 iu
256 4394 355 4445 Comm.
373 4394 428 4445 Soc.
446 4395 508 4460 Reg.
526 4395 619 4445 Solent.
637 4395 751 4460 Gotting.
769 4395 805 4444 Ill
824 4410 847 4458 p.
865 4393 923 4445 277.
